[
  {
    "comments": 14,
    "created_at": "2017-04-11 00:00:00",
    "deleted_at": null,
    "name": "raavin-responsive-prestashop-theme",
    "sales": null,
    "source": "themeforest",
    "title": "Diana |  Responsive Prestashop Theme",
    "updated_at": "2017-09-13 00:00:00",
    "url": "https://themeforest.net/item/raavin-responsive-prestashop-theme/19668435?s_rank=418",
    "versions": {}
  },
  {
    "comments": 12,
    "created_at": "2017-09-02 00:00:00",
    "deleted_at": null,
    "name": "sport-shop-clothing-shoes-equipment-store-responsive-prestashop-17-theme",
    "sales": null,
    "source": "themeforest",
    "title": "Sport Shop - Clothing, Shoes & Equipment Store Responsive Prestashop 1.7 Theme",
    "updated_at": "2017-09-05 00:00:00",
    "url": "https://themeforest.net/item/sport-shop-clothing-shoes-equipment-store-responsive-prestashop-17-theme/20469524?s_rank=510",
    "versions": {}
  },
  {
    "comments": 5,
    "created_at": "2016-11-12 00:00:00",
    "deleted_at": null,
    "name": "leo-xipo-responsive-prestashop-theme",
    "sales": null,
    "source": "themeforest",
    "title": "Leo Xipo Responsive Prestashop Theme",
    "updated_at": "2016-11-12 00:00:00",
    "url": "https://themeforest.net/item/leo-xipo-responsive-prestashop-theme/18675986?s_rank=695",
    "versions": {}
  },
  {
    "comments": 9,
    "created_at": "2017-08-25 00:00:00",
    "deleted_at": null,
    "name": "pts-swimwear",
    "sales": null,
    "source": "themeforest",
    "title": "Pts Swimwear",
    "updated_at": "2017-08-25 00:00:00",
    "url": "https://themeforest.net/item/pts-swimwear/20427801?s_rank=759",
    "versions": {}
  },
  {
    "comments": 9,
    "created_at": "2017-07-21 00:00:00",
    "deleted_at": null,
    "name": "verona-ecommerce-psd-template",
    "sales": null,
    "source": "themeforest",
    "title": "Verona - Ecommerce PSD Template",
    "updated_at": "2017-07-21 00:00:00",
    "url": "https://themeforest.net/item/verona-ecommerce-psd-template/20268023?s_rank=788",
    "versions": {}
  },
  {
    "comments": 6,
    "created_at": "2017-03-21 00:00:00",
    "deleted_at": null,
    "name": "smmarket-ecommerce-psd-template",
    "sales": null,
    "source": "themeforest",
    "title": "SMmarket - Ecommerce PSD Template",
    "updated_at": "2017-03-21 00:00:00",
    "url": "https://themeforest.net/item/smmarket-ecommerce-psd-template/19565278?s_rank=825",
    "versions": {}
  },
  {
    "comments": 8,
    "created_at": "2016-10-13 00:00:00",
    "deleted_at": null,
    "name": "mixshop-ecommerce-psd-template",
    "sales": null,
    "source": "themeforest",
    "title": "MixShop eCommerce PSD Template",
    "updated_at": "2016-10-13 00:00:00",
    "url": "https://themeforest.net/item/mixshop-ecommerce-psd-template/17474645?s_rank=837",
    "versions": {}
  },
  {
    "comments": 4,
    "created_at": "2017-09-15 00:00:00",
    "deleted_at": null,
    "name": "furnis-multipurpose-responsive-prestashop-theme",
    "sales": 0,
    "source": "themeforest",
    "title": "Furnis - Multipurpose Responsive Prestashop Theme",
    "updated_at": "2017-09-15 00:00:00",
    "url": "https://themeforest.net/item/furnis-multipurpose-responsive-prestashop-theme/20439060?s_rank=5",
    "versions": {}
  },
  {
    "comments": 4,
    "created_at": "2017-09-15 00:00:00",
    "deleted_at": null,
    "name": "supermarket-online-responsive-prestashop-17-theme",
    "sales": 0,
    "source": "themeforest",
    "title": "SuperMarket Online - Responsive Prestashop 1.7 Theme",
    "updated_at": "2017-09-15 00:00:00",
    "url": "https://themeforest.net/item/supermarket-online-responsive-prestashop-17-theme/20473429?s_rank=43",
    "versions": {}
  },
  {
    "comments": 3,
    "created_at": "2016-07-21 00:00:00",
    "deleted_at": null,
    "name": "pts-teencode-responsive-prestashop-theme-for-fashion",
    "sales": 0,
    "source": "themeforest",
    "title": "Pts TeenCode - Responsive Prestashop Theme For Fashion",
    "updated_at": "2017-06-30 00:00:00",
    "url": "https://themeforest.net/item/pts-teencode-responsive-prestashop-theme-for-fashion/16732471?s_rank=716",
    "versions": {}
  },
  {
    "comments": 5,
    "created_at": "2017-09-15 00:00:00",
    "deleted_at": null,
    "name": "charme-fashion-store",
    "sales": 0,
    "source": "themeforest",
    "title": "Charme Fashion Store",
    "updated_at": "2017-09-15 00:00:00",
    "url": "https://themeforest.net/item/charme-fashion-store/20392259?s_rank=717",
    "versions": {}
  },
  {
    "comments": 7,
    "created_at": "2017-09-07 00:00:00",
    "deleted_at": null,
    "name": "shop-house-commerce-psd-template",
    "sales": 0,
    "source": "themeforest",
    "title": "Shop House Commerce PSD Template",
    "updated_at": "2017-09-07 00:00:00",
    "url": "https://themeforest.net/item/shop-house-commerce-psd-template/20507956?s_rank=768",
    "versions": {}
  },
  {
    "comments": 8,
    "created_at": "2017-09-07 00:00:00",
    "deleted_at": null,
    "name": "evon-ecommerce-psd-template",
    "sales": 0,
    "source": "themeforest",
    "title": "Evon - Ecommerce PSD Template",
    "updated_at": "2017-09-07 00:00:00",
    "url": "https://themeforest.net/item/evon-ecommerce-psd-template/20505647?s_rank=778",
    "versions": {}
  },
  {
    "comments": 9,
    "created_at": "2017-08-19 00:00:00",
    "deleted_at": null,
    "name": "kart-multipurpose-ecommerce-psd-template",
    "sales": 0,
    "source": "themeforest",
    "title": "Kart Multipurpose Ecommerce PSD Template",
    "updated_at": "2017-08-21 00:00:00",
    "url": "https://themeforest.net/item/kart-multipurpose-ecommerce-psd-template/20328645?s_rank=799",
    "versions": {}
  },
  {
    "comments": 6,
    "created_at": "2017-05-22 00:00:00",
    "deleted_at": null,
    "name": "tool-table-commerce-psd-template",
    "sales": 0,
    "source": "themeforest",
    "title": "Tool Table Commerce PSD Template",
    "updated_at": "2017-05-22 00:00:00",
    "url": "https://themeforest.net/item/tool-table-commerce-psd-template/19244035?s_rank=826",
    "versions": {}
  },
  {
    "comments": 8,
    "created_at": "2017-06-28 00:00:00",
    "deleted_at": null,
    "name": "violet-ecommerce-psd-template",
    "sales": 0,
    "source": "themeforest",
    "title": "Violet | E-Commerce PSD Template",
    "updated_at": "2017-06-28 00:00:00",
    "url": "https://themeforest.net/item/violet-ecommerce-psd-template/20169190?s_rank=835",
    "versions": {}
  },
  {
    "comments": 5,
    "created_at": "2017-06-09 00:00:00",
    "deleted_at": null,
    "name": "shop-express-psd-template",
    "sales": 0,
    "source": "themeforest",
    "title": "Shop Express PSD Template",
    "updated_at": "2017-06-09 00:00:00",
    "url": "https://themeforest.net/item/shop-express-psd-template/20004949?s_rank=840",
    "versions": {}
  },
  {
    "comments": 9,
    "created_at": "2017-08-31 00:00:00",
    "deleted_at": null,
    "name": "meal-house-responsive-prestashop-theme",
    "sales": 2,
    "source": "themeforest",
    "title": "Meal House - Responsive Prestashop Theme",
    "updated_at": "2017-08-31 00:00:00",
    "url": "https://themeforest.net/item/meal-house-responsive-prestashop-theme/20563048?s_rank=15",
    "versions": {}
  },
  {
    "comments": 10,
    "created_at": "2017-08-22 00:00:00",
    "deleted_at": null,
    "name": "leo-hannah-responsive-prestashop-theme",
    "sales": 2,
    "source": "themeforest",
    "title": "Leo Hannah Responsive Prestashop Theme",
    "updated_at": "2017-08-29 00:00:00",
    "url": "https://themeforest.net/item/leo-hannah-responsive-prestashop-theme/20405464?s_rank=56",
    "versions": {}
  },
  {
    "comments": 6,
    "created_at": "2017-09-06 00:00:00",
    "deleted_at": null,
    "name": "kids-toys-shop-responsive-prestashop-17-theme",
    "sales": 2,
    "source": "themeforest",
    "title": "Kids Toys Shop - Responsive Prestashop 1.7 Theme",
    "updated_at": "2017-09-06 00:00:00",
    "url": "https://themeforest.net/item/kids-toys-shop-responsive-prestashop-17-theme/20473394?s_rank=70",
    "versions": {}
  },
  {
    "comments": 6,
    "created_at": "2017-06-13 00:00:00",
    "deleted_at": null,
    "name": "trend-multipurpose-prestashop-theme",
    "sales": 2,
    "source": "themeforest",
    "title": "Trend - Multipurpose Prestashop Theme",
    "updated_at": "2017-06-17 00:00:00",
    "url": "https://themeforest.net/item/trend-multipurpose-prestashop-theme/20142252?s_rank=163",
    "versions": {}
  },
  {
    "comments": 8,
    "created_at": "2017-08-26 00:00:00",
    "deleted_at": null,
    "name": "ebusiness-all-in-one-package-prestashop-theme",
    "sales": 2,
    "source": "themeforest",
    "title": "E-Business - All in one package Prestashop theme",
    "updated_at": "2017-08-26 00:00:00",
    "url": "https://themeforest.net/item/ebusiness-all-in-one-package-prestashop-theme/20431876?s_rank=205",
    "versions": {}
  },
  {
    "comments": 7,
    "created_at": "2016-12-13 00:00:00",
    "deleted_at": null,
    "name": "leo-dolphin-responsive-prestashop-theme",
    "sales": 2,
    "source": "themeforest",
    "title": "Leo Dolphin Responsive Prestashop Theme",
    "updated_at": "2016-12-13 00:00:00",
    "url": "https://themeforest.net/item/leo-dolphin-responsive-prestashop-theme/19036246?s_rank=660",
    "versions": {}
  },
  {
    "comments": 3,
    "created_at": "2016-10-15 00:00:00",
    "deleted_at": null,
    "name": "leo-hatty-responsive-prestashop-theme",
    "sales": 2,
    "source": "themeforest",
    "title": "Leo Hatty Responsive Prestashop Theme",
    "updated_at": "2016-10-15 00:00:00",
    "url": "https://themeforest.net/item/leo-hatty-responsive-prestashop-theme/18118690?s_rank=683",
    "versions": {}
  },
  {
    "comments": 6,
    "created_at": "2016-08-11 00:00:00",
    "deleted_at": null,
    "name": "leo-python-responsive-prestashop-theme",
    "sales": 2,
    "source": "themeforest",
    "title": "Leo Python Responsive Prestashop Theme",
    "updated_at": "2016-08-11 00:00:00",
    "url": "https://themeforest.net/item/leo-python-responsive-prestashop-theme/16642071?s_rank=690",
    "versions": {}
  },
  {
    "comments": 8,
    "created_at": "2017-08-05 00:00:00",
    "deleted_at": null,
    "name": "babyplus-ecommerce-html-template",
    "sales": 2,
    "source": "themeforest",
    "title": "BabyPlus eCommerce HTML Template",
    "updated_at": "2017-08-05 00:00:00",
    "url": "https://themeforest.net/item/babyplus-ecommerce-html-template/20136553?s_rank=720",
    "versions": {}
  },
  {
    "comments": 7,
    "created_at": "2017-04-11 00:00:00",
    "deleted_at": null,
    "name": "luxury-modern-digital-store",
    "sales": 2,
    "source": "themeforest",
    "title": "Luxury - Modern Digital Store",
    "updated_at": "2017-04-24 00:00:00",
    "url": "https://themeforest.net/item/luxury-modern-digital-store/19570090?s_rank=739",
    "versions": {}
  },
  {
    "comments": 13,
    "created_at": "2016-06-29 00:00:00",
    "deleted_at": null,
    "name": "vision-multipurpose-store-portfolio-blog-psd-template",
    "sales": 2,
    "source": "themeforest",
    "title": "Vision - Multipurpose Store | Portfolio | Blog PSD Template",
    "updated_at": "2016-07-04 00:00:00",
    "url": "https://themeforest.net/item/vision-multipurpose-store-portfolio-blog-psd-template/16568327?s_rank=750",
    "versions": {}
  },
  {
    "comments": 8,
    "created_at": "2017-06-27 00:00:00",
    "deleted_at": null,
    "name": "leo-waves-responsive-multiple-theme",
    "sales": 2,
    "source": "themeforest",
    "title": "Leo Waves Responsive Multiple Theme",
    "updated_at": "2017-08-29 00:00:00",
    "url": "https://themeforest.net/item/leo-waves-responsive-multiple-theme/20147660?s_rank=757",
    "versions": {}
  },
  {
    "comments": 8,
    "created_at": "2017-01-04 00:00:00",
    "deleted_at": null,
    "name": "flexion-psd-templates-for-fashion-ecommerce-store",
    "sales": 2,
    "source": "themeforest",
    "title": "Flexion - PSD Templates For Fashion E-Commerce Store",
    "updated_at": "2017-01-04 00:00:00",
    "url": "https://themeforest.net/item/flexion-psd-templates-for-fashion-ecommerce-store/19191412?s_rank=794",
    "versions": {}
  },
  {
    "comments": 11,
    "created_at": "2017-06-14 00:00:00",
    "deleted_at": null,
    "name": "pts-gemme",
    "sales": 2,
    "source": "themeforest",
    "title": "Pts Gemme",
    "updated_at": "2017-06-16 00:00:00",
    "url": "https://themeforest.net/item/pts-gemme/20048461?s_rank=808",
    "versions": {}
  },
  {
    "comments": 8,
    "created_at": "2017-06-24 00:00:00",
    "deleted_at": null,
    "name": "leo-men-original-responsive-prestashop-theme",
    "sales": 3,
    "source": "themeforest",
    "title": "Leo Men Original Responsive Prestashop Theme",
    "updated_at": "2017-08-25 00:00:00",
    "url": "https://themeforest.net/item/leo-men-original-responsive-prestashop-theme/20132332?s_rank=546",
    "versions": {}
  },
  {
    "comments": 8,
    "created_at": "2017-03-31 00:00:00",
    "deleted_at": null,
    "name": "leo-igo-always-responsive-prestashop-theme",
    "sales": 3,
    "source": "themeforest",
    "title": "Leo Igo Always Responsive Prestashop Theme",
    "updated_at": "2017-08-31 00:00:00",
    "url": "https://themeforest.net/item/leo-igo-always-responsive-prestashop-theme/19632288?s_rank=674",
    "versions": {}
  },
  {
    "comments": 3,
    "created_at": "2016-09-20 00:00:00",
    "deleted_at": null,
    "name": "pts-cropshop-prestashop-theme-for-fashion-sport",
    "sales": 3,
    "source": "themeforest",
    "title": "Pts Cropshop - Prestashop Theme For Fashion & Sport",
    "updated_at": "2017-06-29 00:00:00",
    "url": "https://themeforest.net/item/pts-cropshop-prestashop-theme-for-fashion-sport/17230028?s_rank=710",
    "versions": {}
  },
  {
    "comments": 7,
    "created_at": "2016-07-27 00:00:00",
    "deleted_at": null,
    "name": "leo-summer-store-responsive-prestashop-theme",
    "sales": 3,
    "source": "themeforest",
    "title": "Leo Summer Store Responsive Prestashop Theme",
    "updated_at": "2016-07-27 00:00:00",
    "url": "https://themeforest.net/item/leo-summer-store-responsive-prestashop-theme/16792608?s_rank=711",
    "versions": {}
  },
  {
    "comments": 7,
    "created_at": "2016-10-28 00:00:00",
    "deleted_at": null,
    "name": "24-hour-fashion-wear-ecommerce-psd-template",
    "sales": 3,
    "source": "themeforest",
    "title": "24 Hour Fashion Wear eCommerce PSD Template",
    "updated_at": "2016-10-28 00:00:00",
    "url": "https://themeforest.net/item/24-hour-fashion-wear-ecommerce-psd-template/18470313?s_rank=744",
    "versions": {}
  },
  {
    "comments": 10,
    "created_at": "2017-09-07 00:00:00",
    "deleted_at": null,
    "name": "leo-snapmall",
    "sales": 3,
    "source": "themeforest",
    "title": "Leo Snapmall",
    "updated_at": "2017-09-07 00:00:00",
    "url": "https://themeforest.net/item/leo-snapmall/20486444?s_rank=747",
    "versions": {}
  },
  {
    "comments": 4,
    "created_at": "2016-06-17 00:00:00",
    "deleted_at": null,
    "name": "piple-business-ecommerce-psd-template",
    "sales": 3,
    "source": "themeforest",
    "title": "Piple - Business & Ecommerce PSD Template",
    "updated_at": "2016-06-17 00:00:00",
    "url": "https://themeforest.net/item/piple-business-ecommerce-psd-template/16364678?s_rank=749",
    "versions": {}
  },
  {
    "comments": 9,
    "created_at": "2016-12-05 00:00:00",
    "deleted_at": null,
    "name": "dance-cgmarket-3d-model-marketplace-design-psd-template",
    "sales": 3,
    "source": "themeforest",
    "title": "Dance CGMarket - 3D Model Marketplace Design PSD Template",
    "updated_at": "2016-12-05 00:00:00",
    "url": "https://themeforest.net/item/dance-cgmarket-3d-model-marketplace-design-psd-template/19126480?s_rank=771",
    "versions": {}
  },
  {
    "comments": 2,
    "created_at": "2017-04-03 00:00:00",
    "deleted_at": null,
    "name": "flexion-ii-ecommerce-cms-psd-templates",
    "sales": 3,
    "source": "themeforest",
    "title": "Flexion II - eCommerce & CMS PSD Templates",
    "updated_at": "2017-04-03 00:00:00",
    "url": "https://themeforest.net/item/flexion-ii-ecommerce-cms-psd-templates/19670232?s_rank=806",
    "versions": {}
  },
  {
    "comments": 10,
    "created_at": "2016-05-05 00:00:00",
    "deleted_at": null,
    "name": "bm-responsive-ecommerce-psd-template",
    "sales": 3,
    "source": "themeforest",
    "title": "B&M - Responsive eCommerce PSD Template",
    "updated_at": "2016-05-06 00:00:00",
    "url": "https://themeforest.net/item/bm-responsive-ecommerce-psd-template/15796823?s_rank=813",
    "versions": {}
  },
  {
    "comments": 7,
    "created_at": "2017-06-10 00:00:00",
    "deleted_at": null,
    "name": "vickyface-ecommerce-psd-template",
    "sales": 3,
    "source": "themeforest",
    "title": "VickyFace - Ecommerce PSD Template",
    "updated_at": "2017-06-10 00:00:00",
    "url": "https://themeforest.net/item/vickyface-ecommerce-psd-template/20043557?s_rank=816",
    "versions": {}
  },
  {
    "comments": 8,
    "created_at": "2017-05-30 00:00:00",
    "deleted_at": null,
    "name": "niyama-multipurpose-yoga-gym-dance-html5-and-bootstrap-templates",
    "sales": 3,
    "source": "themeforest",
    "title": "Niyama | Multipurpose Yoga & Gym, Dance HTML5 And Bootstrap  Templates",
    "updated_at": "2017-05-30 00:00:00",
    "url": "https://themeforest.net/item/niyama-multipurpose-yoga-gym-dance-html5-and-bootstrap-templates/19982354?s_rank=817",
    "versions": {}
  },
  {
    "comments": 4,
    "created_at": "2017-04-13 00:00:00",
    "deleted_at": null,
    "name": "despina-coffee-cake-bakery-psd-template",
    "sales": 3,
    "source": "themeforest",
    "title": "Despina - Coffee & Cake PSD Template",
    "updated_at": "2017-04-15 00:00:00",
    "url": "https://themeforest.net/item/despina-coffee-cake-bakery-psd-template/19694259?s_rank=828",
    "versions": {}
  },
  {
    "comments": 11,
    "created_at": "2017-09-05 00:00:00",
    "deleted_at": null,
    "name": "gengar-responsive-prestashop-17-theme",
    "sales": 4,
    "source": "themeforest",
    "title": "Gengar - Responsive Prestashop 1.7 Theme",
    "updated_at": "2017-09-05 00:00:00",
    "url": "https://themeforest.net/item/gengar-responsive-prestashop-17-theme/20485278?s_rank=4",
    "versions": {}
  },
  {
    "comments": 12,
    "created_at": "2017-08-30 00:00:00",
    "deleted_at": null,
    "name": "outline-responsive-furniture-prestashop-theme",
    "sales": 4,
    "source": "themeforest",
    "title": "Outline - Responsive Furniture Prestashop Theme",
    "updated_at": "2017-08-30 00:00:00",
    "url": "https://themeforest.net/item/outline-responsive-furniture-prestashop-theme/20553362?s_rank=11",
    "versions": {}
  },
  {
    "comments": 8,
    "created_at": "2017-08-21 00:00:00",
    "deleted_at": null,
    "name": "corona-flexible-responsive-prestashop-17-theme",
    "sales": 4,
    "source": "themeforest",
    "title": "Corona - Flexible Responsive PrestaShop 1.7 Theme",
    "updated_at": "2017-08-21 00:00:00",
    "url": "https://themeforest.net/item/corona-flexible-responsive-prestashop-17-theme/20362901?s_rank=123",
    "versions": {}
  },
  {
    "comments": 10,
    "created_at": "2017-05-11 00:00:00",
    "deleted_at": null,
    "name": "raymond-responsive-ecommerce-prestashop-template",
    "sales": 4,
    "source": "themeforest",
    "title": "Raymond - Responsive eCommerce Prestashop Template",
    "updated_at": "2017-05-11 00:00:00",
    "url": "https://themeforest.net/item/raymond-responsive-ecommerce-prestashop-template/19078177?s_rank=384",
    "versions": {}
  },
  {
    "comments": 14,
    "created_at": "2017-05-20 00:00:00",
    "deleted_at": null,
    "name": "gadget-electronics-responsive-prestashop-16-theme",
    "sales": 4,
    "source": "themeforest",
    "title": "Gadget - Electronics Responsive PrestaShop 1.6 theme",
    "updated_at": "2017-05-20 00:00:00",
    "url": "https://themeforest.net/item/gadget-electronics-responsive-prestashop-16-theme/19889715?s_rank=585",
    "versions": {}
  },
  {
    "comments": 6,
    "created_at": "2016-09-06 00:00:00",
    "deleted_at": null,
    "name": "leo-roy-responsive-prestashop-theme",
    "sales": 4,
    "source": "themeforest",
    "title": "Leo Roy Responsive Prestashop Theme",
    "updated_at": "2016-09-06 00:00:00",
    "url": "https://themeforest.net/item/leo-roy-responsive-prestashop-theme/17416382?s_rank=614",
    "versions": {}
  },
  {
    "comments": 6,
    "created_at": "2016-08-11 00:00:00",
    "deleted_at": null,
    "name": "leo-poppins-ressponsive-prestashop-theme",
    "sales": 4,
    "source": "themeforest",
    "title": "Leo Poppins Ressponsive Prestashop Theme",
    "updated_at": "2016-08-11 00:00:00",
    "url": "https://themeforest.net/item/leo-poppins-ressponsive-prestashop-theme/17116358?s_rank=652",
    "versions": {}
  },
  {
    "comments": 6,
    "created_at": "2016-06-10 00:00:00",
    "deleted_at": null,
    "name": "jms-quato-responsive-prestashop-theme",
    "sales": 4,
    "source": "themeforest",
    "title": "JMS Quato - Responsive Prestashop Theme",
    "updated_at": "2016-06-10 00:00:00",
    "url": "https://themeforest.net/item/jms-quato-responsive-prestashop-theme/16309012?s_rank=673",
    "versions": {}
  },
  {
    "comments": 6,
    "created_at": "2016-05-26 00:00:00",
    "deleted_at": null,
    "name": "leo-dio-responsive-prestashop-theme",
    "sales": 4,
    "source": "themeforest",
    "title": "Leo Dio Responsive Prestashop Theme",
    "updated_at": "2016-07-08 00:00:00",
    "url": "https://themeforest.net/item/leo-dio-responsive-prestashop-theme/16124658?s_rank=678",
    "versions": {}
  },
  {
    "comments": 8,
    "created_at": "2015-07-23 00:00:00",
    "deleted_at": null,
    "name": "sns-weeza-responsive-prestashop-theme",
    "sales": 4,
    "source": "themeforest",
    "title": "SNS Weeza - Responsive Prestashop Theme",
    "updated_at": "2015-07-23 00:00:00",
    "url": "https://themeforest.net/item/sns-weeza-responsive-prestashop-theme/12158073?s_rank=685",
    "versions": {}
  },
  {
    "comments": 9,
    "created_at": "2016-01-27 00:00:00",
    "deleted_at": null,
    "name": "leo-readers-responsive-prestashop-theme",
    "sales": 4,
    "source": "themeforest",
    "title": "Leo Readers Responsive Prestashop Theme",
    "updated_at": "2016-07-18 00:00:00",
    "url": "https://themeforest.net/item/leo-readers-responsive-prestashop-theme/14582525?s_rank=693",
    "versions": {}
  },
  {
    "comments": 10,
    "created_at": "2015-02-04 00:00:00",
    "deleted_at": null,
    "name": "carera-responsive-multipurpose-prestashop-theme",
    "sales": 4,
    "source": "themeforest",
    "title": "Carera - Jewelry Store Responsive Prestashop Theme",
    "updated_at": "2017-07-27 00:00:00",
    "url": "https://themeforest.net/item/carera-responsive-multipurpose-prestashop-theme/10285044?s_rank=713",
    "versions": {}
  },
  {
    "comments": 12,
    "created_at": "2017-04-13 00:00:00",
    "deleted_at": null,
    "name": "leo-scarlett-responsive-multiple-theme",
    "sales": 4,
    "source": "themeforest",
    "title": "Leo Scarlett Responsive Multiple Theme",
    "updated_at": "2017-09-01 00:00:00",
    "url": "https://themeforest.net/item/leo-scarlett-responsive-multiple-theme/19691111?s_rank=761",
    "versions": {}
  },
  {
    "comments": 10,
    "created_at": "2017-06-25 00:00:00",
    "deleted_at": null,
    "name": "despina-coffee-cake-bakery-html-template",
    "sales": 4,
    "source": "themeforest",
    "title": "Despina - Coffee, Cake & Bakery HTML Template",
    "updated_at": "2017-06-25 00:00:00",
    "url": "https://themeforest.net/item/despina-coffee-cake-bakery-html-template/20026199?s_rank=804",
    "versions": {}
  },
  {
    "comments": 6,
    "created_at": "2017-04-22 00:00:00",
    "deleted_at": null,
    "name": "leo-whale-responsive-prestashop-17-theme",
    "sales": 5,
    "source": "themeforest",
    "title": "Leo Whale Responsive Prestashop 1.7 Theme",
    "updated_at": "2017-08-25 00:00:00",
    "url": "https://themeforest.net/item/leo-whale-responsive-prestashop-17-theme/19647898?s_rank=629",
    "versions": {}
  },
  {
    "comments": 6,
    "created_at": "2016-06-13 00:00:00",
    "deleted_at": null,
    "name": "pencil-responsive-fashion-prestashop-theme",
    "sales": 5,
    "source": "themeforest",
    "title": "Pencil - Responsive Fashion Prestashop Theme",
    "updated_at": "2016-06-28 00:00:00",
    "url": "https://themeforest.net/item/pencil-responsive-fashion-prestashop-theme/15849577?s_rank=662",
    "versions": {}
  },
  {
    "comments": 9,
    "created_at": "2017-06-14 00:00:00",
    "deleted_at": null,
    "name": "wedding-paradise-responsive-prestashop-17-theme",
    "sales": 5,
    "source": "themeforest",
    "title": "Wedding Shop - Love Paradise Responsive Prestashop 1.7 Theme",
    "updated_at": "2017-09-06 00:00:00",
    "url": "https://themeforest.net/item/wedding-paradise-responsive-prestashop-17-theme/20018226?s_rank=692",
    "versions": {}
  },
  {
    "comments": 5,
    "created_at": "2015-08-17 00:00:00",
    "deleted_at": null,
    "name": "accent-responsive-multipurpose-prestashop-theme",
    "sales": 5,
    "source": "themeforest",
    "title": "Accent - Gift Store Responsive Multipurpose PrestaShop Theme",
    "updated_at": "2017-06-20 00:00:00",
    "url": "https://themeforest.net/item/accent-responsive-multipurpose-prestashop-theme/12388897?s_rank=712",
    "versions": {}
  },
  {
    "comments": 9,
    "created_at": "2017-06-22 00:00:00",
    "deleted_at": null,
    "name": "teashop-multipurpose-opencart-template",
    "sales": 5,
    "source": "themeforest",
    "title": "TeaShop Multipurpose OpenCart Template",
    "updated_at": "2017-07-02 00:00:00",
    "url": "https://themeforest.net/item/teashop-multipurpose-opencart-template/20040413?s_rank=721",
    "versions": {}
  },
  {
    "comments": 8,
    "created_at": "2017-07-13 00:00:00",
    "deleted_at": null,
    "name": "kid-mart-responsive-multiple-purpose",
    "sales": 5,
    "source": "themeforest",
    "title": "Kid Mart - Responsive Multiple Purpose",
    "updated_at": "2017-08-31 00:00:00",
    "url": "https://themeforest.net/item/kid-mart-responsive-multiple-purpose/20217560?s_rank=752",
    "versions": {}
  },
  {
    "comments": 15,
    "created_at": "2017-06-28 00:00:00",
    "deleted_at": null,
    "name": "victor-responsive-prestashop-theme",
    "sales": 6,
    "source": "themeforest",
    "title": "Victor - Responsive Prestashop Theme",
    "updated_at": "2017-06-28 00:00:00",
    "url": "https://themeforest.net/item/victor-responsive-prestashop-theme/20156620?s_rank=39",
    "versions": {}
  },
  {
    "comments": 8,
    "created_at": "2017-08-25 00:00:00",
    "deleted_at": null,
    "name": "matic-super-machine-responsive-prestashop-17-theme",
    "sales": 6,
    "source": "themeforest",
    "title": "Matic - Super Machine Responsive Prestashop 1.7 Theme",
    "updated_at": "2017-08-25 00:00:00",
    "url": "https://themeforest.net/item/matic-super-machine-responsive-prestashop-17-theme/20404813?s_rank=88",
    "versions": {}
  },
  {
    "comments": 9,
    "created_at": "2017-07-12 00:00:00",
    "deleted_at": null,
    "name": "datran-responsive-multiple-prestashop-theme",
    "sales": 6,
    "source": "themeforest",
    "title": "Datran - Responsive Multiple Prestashop Theme",
    "updated_at": "2017-08-25 00:00:00",
    "url": "https://themeforest.net/item/datran-responsive-multiple-prestashop-theme/20200493?s_rank=133",
    "versions": {}
  },
  {
    "comments": 14,
    "created_at": "2017-07-15 00:00:00",
    "deleted_at": null,
    "name": "electronics-supermarket-responsive-prestashop-17-theme",
    "sales": 6,
    "source": "themeforest",
    "title": "Electronics Supermarket Responsive Prestashop 1.7 Theme",
    "updated_at": "2017-07-15 00:00:00",
    "url": "https://themeforest.net/item/electronics-supermarket-responsive-prestashop-17-theme/20327022?s_rank=370",
    "versions": {}
  },
  {
    "comments": 5,
    "created_at": "2016-09-06 00:00:00",
    "deleted_at": null,
    "name": "leo-romance-responsive-prestashop",
    "sales": 6,
    "source": "themeforest",
    "title": "Leo Romance Responsive Prestashop",
    "updated_at": "2016-09-06 00:00:00",
    "url": "https://themeforest.net/item/leo-romance-responsive-prestashop/17428254?s_rank=379",
    "versions": {}
  },
  {
    "comments": 13,
    "created_at": "2017-06-30 00:00:00",
    "deleted_at": null,
    "name": "adella-responsive-ecommerce-prestashop-template",
    "sales": 6,
    "source": "themeforest",
    "title": "Adella - Responsive eCommerce Prestashop Template V1.7",
    "updated_at": "2017-07-04 00:00:00",
    "url": "https://themeforest.net/item/adella-responsive-ecommerce-prestashop-template/20176896?s_rank=414",
    "versions": {}
  },
  {
    "comments": 11,
    "created_at": "2016-09-02 00:00:00",
    "deleted_at": null,
    "name": "cayto-responsive-prestashop-theme",
    "sales": 6,
    "source": "themeforest",
    "title": "Cayto - Responsive Prestashop Theme",
    "updated_at": "2016-09-02 00:00:00",
    "url": "https://themeforest.net/item/cayto-responsive-prestashop-theme/17338643?s_rank=432",
    "versions": {}
  },
  {
    "comments": 12,
    "created_at": "2016-03-10 00:00:00",
    "deleted_at": null,
    "name": "neighborhood-responsive-prestashop-theme",
    "sales": 6,
    "source": "themeforest",
    "title": "Neighborhood - Responsive PrestaShop Theme",
    "updated_at": "2016-03-10 00:00:00",
    "url": "https://themeforest.net/item/neighborhood-responsive-prestashop-theme/15144714?s_rank=494",
    "versions": {}
  },
  {
    "comments": 14,
    "created_at": "2017-05-16 00:00:00",
    "deleted_at": null,
    "name": "leo-gstore-responsive-multiple-prestashop-theme",
    "sales": 6,
    "source": "themeforest",
    "title": "Leo G-store Responsive Multiple Prestashop Theme",
    "updated_at": "2017-08-31 00:00:00",
    "url": "https://themeforest.net/item/leo-gstore-responsive-multiple-prestashop-theme/19881011?s_rank=547",
    "versions": {}
  },
  {
    "comments": 8,
    "created_at": "2016-10-11 00:00:00",
    "deleted_at": null,
    "name": "leo-travel-responsive-prestashop-theme",
    "sales": 6,
    "source": "themeforest",
    "title": "Leo Travel Responsive Prestashop Theme",
    "updated_at": "2016-10-11 00:00:00",
    "url": "https://themeforest.net/item/leo-travel-responsive-prestashop-theme/18049466?s_rank=586",
    "versions": {}
  },
  {
    "comments": 11,
    "created_at": "2016-08-16 00:00:00",
    "deleted_at": null,
    "name": "leo-mountain-responsive-prestashop-theme",
    "sales": 6,
    "source": "themeforest",
    "title": "Leo Mountain Responsive Prestashop Theme",
    "updated_at": "2016-08-16 00:00:00",
    "url": "https://themeforest.net/item/leo-mountain-responsive-prestashop-theme/17211641?s_rank=615",
    "versions": {}
  },
  {
    "comments": 7,
    "created_at": "2016-08-16 00:00:00",
    "deleted_at": null,
    "name": "leo-casper-responsive-prestashop-theme",
    "sales": 6,
    "source": "themeforest",
    "title": "Leo Casper Responsive Prestashop Theme",
    "updated_at": "2016-08-16 00:00:00",
    "url": "https://themeforest.net/item/leo-casper-responsive-prestashop-theme/17201815?s_rank=618",
    "versions": {}
  },
  {
    "comments": 12,
    "created_at": "2017-01-27 00:00:00",
    "deleted_at": null,
    "name": "extremo-extreme-sports-prestashop-17-theme",
    "sales": 6,
    "source": "themeforest",
    "title": "Extremo - Extreme Sports PrestaShop 1.7 Theme",
    "updated_at": "2017-02-08 00:00:00",
    "url": "https://themeforest.net/item/extremo-extreme-sports-prestashop-17-theme/19223067?s_rank=647",
    "versions": {}
  },
  {
    "comments": 9,
    "created_at": "2017-03-03 00:00:00",
    "deleted_at": null,
    "name": "pts-owenstore-fashion-prestashop-17-theme",
    "sales": 6,
    "source": "themeforest",
    "title": "Pts OwenStore - Fashion Prestashop 1.7 Theme",
    "updated_at": "2017-06-16 00:00:00",
    "url": "https://themeforest.net/item/pts-owenstore-fashion-prestashop-17-theme/19495882?s_rank=657",
    "versions": {}
  },
  {
    "comments": 5,
    "created_at": "2015-11-04 00:00:00",
    "deleted_at": null,
    "name": "x98-kitchenware-responsive-prestashop-theme",
    "sales": 6,
    "source": "themeforest",
    "title": "X98 - Kitchenware Responsive Prestashop Theme",
    "updated_at": "2015-11-04 00:00:00",
    "url": "https://themeforest.net/item/x98-kitchenware-responsive-prestashop-theme/13394545?s_rank=681",
    "versions": {}
  },
  {
    "comments": 16,
    "created_at": "2016-09-20 00:00:00",
    "deleted_at": null,
    "name": "jms-venus-multipurpose-responsive-prestashop-theme",
    "sales": 6,
    "source": "themeforest",
    "title": "JMS Venus - Multipurpose Responsive Prestashop Theme",
    "updated_at": "2016-09-20 00:00:00",
    "url": "https://themeforest.net/item/jms-venus-multipurpose-responsive-prestashop-theme/17641560?s_rank=689",
    "versions": {}
  },
  {
    "comments": 6,
    "created_at": "2016-07-21 00:00:00",
    "deleted_at": null,
    "name": "pts-happy-time-creative-responisve-prestashop-theme-for-wedding-fashion",
    "sales": 6,
    "source": "themeforest",
    "title": "Pts Happy Time - Creative Responisve Prestashop Theme for Wedding & Fashion",
    "updated_at": "2017-06-30 00:00:00",
    "url": "https://themeforest.net/item/pts-happy-time-creative-responisve-prestashop-theme-for-wedding-fashion/16744427?s_rank=714",
    "versions": {}
  },
  {
    "comments": 4,
    "created_at": "2015-09-28 00:00:00",
    "deleted_at": null,
    "name": "80s-mod-ecommerce-psd-template",
    "sales": 6,
    "source": "themeforest",
    "title": "80’s MOD - eCommerce PSD Template",
    "updated_at": "2015-09-28 00:00:00",
    "url": "https://themeforest.net/item/80s-mod-ecommerce-psd-template/13034488?s_rank=748",
    "versions": {}
  },
  {
    "comments": 8,
    "created_at": "2017-05-20 00:00:00",
    "deleted_at": null,
    "name": "techno-store-electronic-ecommerce-psd-template",
    "sales": 6,
    "source": "themeforest",
    "title": "Techno Store - Electronic eCommerce PSD",
    "updated_at": "2017-05-21 00:00:00",
    "url": "https://themeforest.net/item/techno-store-electronic-ecommerce-psd-template/19910482?s_rank=809",
    "versions": {}
  },
  {
    "comments": 6,
    "created_at": "2017-01-06 00:00:00",
    "deleted_at": null,
    "name": "gryp-multipurpose-psd-template",
    "sales": 6,
    "source": "themeforest",
    "title": "Gryp - Multi-Purpose PSD Template",
    "updated_at": "2017-01-06 00:00:00",
    "url": "https://themeforest.net/item/gryp-multipurpose-psd-template/19247001?s_rank=832",
    "versions": {}
  },
  {
    "comments": 4,
    "created_at": "2016-11-24 00:00:00",
    "deleted_at": null,
    "name": "flower-store-psd-design-template",
    "sales": 6,
    "source": "themeforest",
    "title": "Flower Store PSD Design Template",
    "updated_at": "2016-11-24 00:00:00",
    "url": "https://themeforest.net/item/flower-store-psd-design-template/18997852?s_rank=834",
    "versions": {}
  },
  {
    "comments": 8,
    "created_at": "2017-08-12 00:00:00",
    "deleted_at": null,
    "name": "at-h2-responsive-multiple-prestashop-theme",
    "sales": 7,
    "source": "themeforest",
    "title": "At h2 Responsive Multiple Prestashop Theme",
    "updated_at": "2017-08-22 00:00:00",
    "url": "https://themeforest.net/item/at-h2-responsive-multiple-prestashop-theme/20342184?s_rank=24",
    "versions": {}
  },
  {
    "comments": 5,
    "created_at": "2017-08-25 00:00:00",
    "deleted_at": null,
    "name": "ogani-organic-food-pet-alcohol-cosmetics-responsive-prestashop-theme",
    "sales": 7,
    "source": "themeforest",
    "title": "Ogani - Organic, Food, Pet, Alcohol, Cosmetics Responsive Prestashop Theme",
    "updated_at": "2017-08-25 00:00:00",
    "url": "https://themeforest.net/item/ogani-organic-food-pet-alcohol-cosmetics-responsive-prestashop-theme/20531624?s_rank=246",
    "versions": {}
  },
  {
    "comments": 9,
    "created_at": "2017-02-08 00:00:00",
    "deleted_at": null,
    "name": "leo-siviri-responsive-prestashop-theme",
    "sales": 7,
    "source": "themeforest",
    "title": "Leo Siviri Responsive Prestashop Theme",
    "updated_at": "2017-08-31 00:00:00",
    "url": "https://themeforest.net/item/leo-siviri-responsive-prestashop-theme/19361057?s_rank=486",
    "versions": {}
  },
  {
    "comments": 7,
    "created_at": "2016-09-16 00:00:00",
    "deleted_at": null,
    "name": "leo-bis-responsive-prestashop-theme",
    "sales": 7,
    "source": "themeforest",
    "title": "Leo Bis Responsive Prestashop Theme",
    "updated_at": "2016-09-16 00:00:00",
    "url": "https://themeforest.net/item/leo-bis-responsive-prestashop-theme/17638238?s_rank=553",
    "versions": {}
  },
  {
    "comments": 7,
    "created_at": "2016-10-06 00:00:00",
    "deleted_at": null,
    "name": "leo-need-responsive-prestashop-theme",
    "sales": 7,
    "source": "themeforest",
    "title": "Leo Need Responsive Prestashop Theme",
    "updated_at": "2016-10-06 00:00:00",
    "url": "https://themeforest.net/item/leo-need-responsive-prestashop-theme/17845577?s_rank=578",
    "versions": {}
  },
  {
    "comments": 6,
    "created_at": "2016-10-07 00:00:00",
    "deleted_at": null,
    "name": "leo-signem-responsive-prestashop-theme",
    "sales": 7,
    "source": "themeforest",
    "title": "Leo Signem Responsive Prestashop Theme",
    "updated_at": "2016-10-07 00:00:00",
    "url": "https://themeforest.net/item/leo-signem-responsive-prestashop-theme/17909576?s_rank=580",
    "versions": {}
  },
  {
    "comments": 7,
    "created_at": "2016-06-21 00:00:00",
    "deleted_at": null,
    "name": "chamo-accessories-responsive-prestashop-theme",
    "sales": 7,
    "source": "themeforest",
    "title": "Chamo - Accessories Responsive Prestashop Theme",
    "updated_at": "2016-06-21 00:00:00",
    "url": "https://themeforest.net/item/chamo-accessories-responsive-prestashop-theme/16448837?s_rank=595",
    "versions": {}
  },
  {
    "comments": 7,
    "created_at": "2016-08-03 00:00:00",
    "deleted_at": null,
    "name": "leo-sunbox-responsive-prestashop-theme",
    "sales": 7,
    "source": "themeforest",
    "title": "Leo Sunbox Responsive Prestashop Theme",
    "updated_at": "2016-08-03 00:00:00",
    "url": "https://themeforest.net/item/leo-sunbox-responsive-prestashop-theme/16902098?s_rank=602",
    "versions": {}
  },
  {
    "comments": 9,
    "created_at": "2016-05-18 00:00:00",
    "deleted_at": null,
    "name": "lookcare-clothing-fashion-prestashop-theme",
    "sales": 7,
    "source": "themeforest",
    "title": "LookCare - Clothing & Fashion Prestashop Theme",
    "updated_at": "2016-05-18 00:00:00",
    "url": "https://themeforest.net/item/lookcare-clothing-fashion-prestashop-theme/15946296?s_rank=613",
    "versions": {}
  },
  {
    "comments": 11,
    "created_at": "2017-03-31 00:00:00",
    "deleted_at": null,
    "name": "leo-envy-responsive-prestashop-17-theme",
    "sales": 7,
    "source": "themeforest",
    "title": "Leo Envy Responsive Prestashop 1.7 Theme",
    "updated_at": "2017-08-31 00:00:00",
    "url": "https://themeforest.net/item/leo-envy-responsive-prestashop-17-theme/19636991?s_rank=616",
    "versions": {}
  },
  {
    "comments": 3,
    "created_at": "2016-06-11 00:00:00",
    "deleted_at": null,
    "name": "fasony-responsive-fashion-prestashop-theme",
    "sales": 7,
    "source": "themeforest",
    "title": "Fasony - Responsive Fashion Prestashop Theme",
    "updated_at": "2017-07-05 00:00:00",
    "url": "https://themeforest.net/item/fasony-responsive-fashion-prestashop-theme/15927310?s_rank=623",
    "versions": {}
  },
  {
    "comments": 9,
    "created_at": "2017-03-03 00:00:00",
    "deleted_at": null,
    "name": "pts-yew-fashion-prestashop-17-theme",
    "sales": 7,
    "source": "themeforest",
    "title": "Pts Yew - Fashion Prestashop 1.7 Theme",
    "updated_at": "2017-07-25 00:00:00",
    "url": "https://themeforest.net/item/pts-yew-fashion-prestashop-17-theme/19496038?s_rank=640",
    "versions": {}
  },
  {
    "comments": 10,
    "created_at": "2016-12-07 00:00:00",
    "deleted_at": null,
    "name": "mittiva-shoes-store-responsive-prestashop-theme",
    "sales": 7,
    "source": "themeforest",
    "title": "Mittiva - Shoes Store Responsive PrestaShop Theme",
    "updated_at": "2016-12-07 00:00:00",
    "url": "https://themeforest.net/item/mittiva-shoes-store-responsive-prestashop-theme/19015330?s_rank=666",
    "versions": {}
  },
  {
    "comments": 6,
    "created_at": "2014-08-13 00:00:00",
    "deleted_at": null,
    "name": "leather-market-prestashop-responsive-theme",
    "sales": 7,
    "source": "themeforest",
    "title": "Leather Market - Prestashop Responsive Theme",
    "updated_at": "2015-12-03 00:00:00",
    "url": "https://themeforest.net/item/leather-market-prestashop-responsive-theme/8561105?s_rank=688",
    "versions": {}
  },
  {
    "comments": 4,
    "created_at": "2016-08-31 00:00:00",
    "deleted_at": null,
    "name": "pts-sefaso-dedicated-fashion-prestashop-theme",
    "sales": 7,
    "source": "themeforest",
    "title": "Pts Sefaso - Dedicated Fashion Prestashop Theme",
    "updated_at": "2017-06-30 00:00:00",
    "url": "https://themeforest.net/item/pts-sefaso-dedicated-fashion-prestashop-theme/17405379?s_rank=700",
    "versions": {}
  },
  {
    "comments": 6,
    "created_at": "2016-05-26 00:00:00",
    "deleted_at": null,
    "name": "muse-concept-store-multiuse-ecommerce-psd-template",
    "sales": 7,
    "source": "themeforest",
    "title": "Muse Concept Store - Multiuse E-Commerce PSD Template",
    "updated_at": "2016-05-26 00:00:00",
    "url": "https://themeforest.net/item/muse-concept-store-multiuse-ecommerce-psd-template/15999620?s_rank=743",
    "versions": {}
  },
  {
    "comments": 9,
    "created_at": "2017-06-23 00:00:00",
    "deleted_at": null,
    "name": "modez-minimal-responsive-html-template-for-fashion-shop",
    "sales": 7,
    "source": "themeforest",
    "title": "Modez - Minimal Responsive HTML Template for Fashion Shop",
    "updated_at": "2017-06-23 00:00:00",
    "url": "https://themeforest.net/item/modez-minimal-responsive-html-template-for-fashion-shop/20155271?s_rank=797",
    "versions": {}
  },
  {
    "comments": 10,
    "created_at": "2017-08-18 00:00:00",
    "deleted_at": null,
    "name": "shopping-mall-responsive-prestashop-17-theme",
    "sales": 8,
    "source": "themeforest",
    "title": "Shopping Mall - Responsive Prestashop 1.7 Theme",
    "updated_at": "2017-08-31 00:00:00",
    "url": "https://themeforest.net/item/shopping-mall-responsive-prestashop-17-theme/20384445?s_rank=119",
    "versions": {}
  },
  {
    "comments": 13,
    "created_at": "2017-08-15 00:00:00",
    "deleted_at": null,
    "name": "digital-responsive-prestashop-16-theme",
    "sales": 8,
    "source": "themeforest",
    "title": "Digital Responsive Prestashop 1.6, 1.7 Theme",
    "updated_at": "2017-08-30 00:00:00",
    "url": "https://themeforest.net/item/digital-responsive-prestashop-16-theme/20367219?s_rank=140",
    "versions": {}
  },
  {
    "comments": 12,
    "created_at": "2017-04-27 00:00:00",
    "deleted_at": null,
    "name": "appa-responsive-prestashop-17-theme",
    "sales": 8,
    "source": "themeforest",
    "title": "Appa - Responsive Prestashop 1.7 Theme",
    "updated_at": "2017-08-04 00:00:00",
    "url": "https://themeforest.net/item/appa-responsive-prestashop-17-theme/19734233?s_rank=284",
    "versions": {}
  },
  {
    "comments": 11,
    "created_at": "2017-06-28 00:00:00",
    "deleted_at": null,
    "name": "marco-shopping-responsive-prestashop-17-theme",
    "sales": 8,
    "source": "themeforest",
    "title": "Marco - Shopping Responsive Prestashop 1.7 Theme",
    "updated_at": "2017-09-06 00:00:00",
    "url": "https://themeforest.net/item/marco-shopping-responsive-prestashop-17-theme/20147238?s_rank=381",
    "versions": {}
  },
  {
    "comments": 12,
    "created_at": "2016-12-14 00:00:00",
    "deleted_at": null,
    "name": "jms-winery-responsive-prestashop-theme",
    "sales": 8,
    "source": "themeforest",
    "title": "JMS Winery - Responsive Prestashop Theme",
    "updated_at": "2016-12-14 00:00:00",
    "url": "https://themeforest.net/item/jms-winery-responsive-prestashop-theme/19108513?s_rank=456",
    "versions": {}
  },
  {
    "comments": 7,
    "created_at": "2016-10-25 00:00:00",
    "deleted_at": null,
    "name": "leo-ozac-responsive-prestashop-theme",
    "sales": 8,
    "source": "themeforest",
    "title": "Leo Ozac Responsive Prestashop Theme",
    "updated_at": "2016-10-25 00:00:00",
    "url": "https://themeforest.net/item/leo-ozac-responsive-prestashop-theme/18347397?s_rank=533",
    "versions": {}
  },
  {
    "comments": 5,
    "created_at": "2016-09-23 00:00:00",
    "deleted_at": null,
    "name": "leo-kanol-responsive-prestashop-theme",
    "sales": 8,
    "source": "themeforest",
    "title": "Leo Kanol Responsive Prestashop Theme",
    "updated_at": "2016-09-23 00:00:00",
    "url": "https://themeforest.net/item/leo-kanol-responsive-prestashop-theme/17710964?s_rank=566",
    "versions": {}
  },
  {
    "comments": 5,
    "created_at": "2016-09-06 00:00:00",
    "deleted_at": null,
    "name": "leo-lollita-responsive-prestashop-theme",
    "sales": 8,
    "source": "themeforest",
    "title": "Leo Lollita Responsive Prestashop Theme",
    "updated_at": "2016-09-06 00:00:00",
    "url": "https://themeforest.net/item/leo-lollita-responsive-prestashop-theme/17405008?s_rank=567",
    "versions": {}
  },
  {
    "comments": 7,
    "created_at": "2016-05-25 00:00:00",
    "deleted_at": null,
    "name": "leonard-fashion-store-prestashop-theme",
    "sales": 8,
    "source": "themeforest",
    "title": "Leonard - Fashion Store Prestashop Theme",
    "updated_at": "2016-05-25 00:00:00",
    "url": "https://themeforest.net/item/leonard-fashion-store-prestashop-theme/16072531?s_rank=609",
    "versions": {}
  },
  {
    "comments": 8,
    "created_at": "2016-12-09 00:00:00",
    "deleted_at": null,
    "name": "alibaba-advanced-multipurpose-responsive-prestashop-theme-7-homepages",
    "sales": 8,
    "source": "themeforest",
    "title": "Audition - Multipurpose Responsive Prestashop Theme | 7+ Homepages",
    "updated_at": "2016-12-09 00:00:00",
    "url": "https://themeforest.net/item/alibaba-advanced-multipurpose-responsive-prestashop-theme-7-homepages/18853187?s_rank=672",
    "versions": {}
  },
  {
    "comments": 7,
    "created_at": "2017-06-06 00:00:00",
    "deleted_at": null,
    "name": "kids-plaza-baby-child-care-responsive-prestashop-17-theme",
    "sales": 8,
    "source": "themeforest",
    "title": "Kids Plaza - Baby, Child Care Responsive Prestashop 1.7 Theme",
    "updated_at": "2017-09-06 00:00:00",
    "url": "https://themeforest.net/item/kids-plaza-baby-child-care-responsive-prestashop-17-theme/19982917?s_rank=676",
    "versions": {}
  },
  {
    "comments": 6,
    "created_at": "2016-08-16 00:00:00",
    "deleted_at": null,
    "name": "pontus-responsive-prestashop-theme",
    "sales": 8,
    "source": "themeforest",
    "title": "Pontus - Fashion T-shirts Responsive Prestashop Theme",
    "updated_at": "2017-09-10 00:00:00",
    "url": "https://themeforest.net/item/pontus-responsive-prestashop-theme/17202085?s_rank=697",
    "versions": {}
  },
  {
    "comments": 6,
    "created_at": "2014-05-26 00:00:00",
    "deleted_at": null,
    "name": "kysbag-ecommerce-psd-template",
    "sales": 8,
    "source": "themeforest",
    "title": "KySbag - eCommerce PSD Template",
    "updated_at": "2014-05-26 00:00:00",
    "url": "https://themeforest.net/item/kysbag-ecommerce-psd-template/7793729?s_rank=718",
    "versions": {}
  },
  {
    "comments": 4,
    "created_at": "2016-06-03 00:00:00",
    "deleted_at": null,
    "name": "teashop-ecommerce-psd-template",
    "sales": 8,
    "source": "themeforest",
    "title": "TeaShop - eCommerce PSD Template",
    "updated_at": "2016-06-03 00:00:00",
    "url": "https://themeforest.net/item/teashop-ecommerce-psd-template/16228003?s_rank=732",
    "versions": {}
  },
  {
    "comments": 13,
    "created_at": "2017-07-12 00:00:00",
    "deleted_at": null,
    "name": "pts-havina",
    "sales": 8,
    "source": "themeforest",
    "title": "Pts Havina",
    "updated_at": "2017-07-12 00:00:00",
    "url": "https://themeforest.net/item/pts-havina/20185848?s_rank=814",
    "versions": {}
  },
  {
    "comments": 4,
    "created_at": "2016-10-20 00:00:00",
    "deleted_at": null,
    "name": "go-cars-psd-template-design-for-car-dealers-market",
    "sales": 8,
    "source": "themeforest",
    "title": "Go Cars - PSD Template Design for Car Dealers Market",
    "updated_at": "2016-10-20 00:00:00",
    "url": "https://themeforest.net/item/go-cars-psd-template-design-for-car-dealers-market/18467518?s_rank=833",
    "versions": {}
  },
  {
    "comments": 8,
    "created_at": "2017-06-28 00:00:00",
    "deleted_at": null,
    "name": "ornaldo-responsive-prestashop-17-theme",
    "sales": 9,
    "source": "themeforest",
    "title": "Ornaldo - Responsive Prestashop 1.7 Theme",
    "updated_at": "2017-07-07 00:00:00",
    "url": "https://themeforest.net/item/ornaldo-responsive-prestashop-17-theme/20140132?s_rank=112",
    "versions": {}
  },
  {
    "comments": 10,
    "created_at": "2017-06-13 00:00:00",
    "deleted_at": null,
    "name": "yourstore-best-responsive-prestashop-17-theme",
    "sales": 9,
    "source": "themeforest",
    "title": "YourStore - Best Responsive Prestashop 1.7 Theme",
    "updated_at": "2017-06-14 00:00:00",
    "url": "https://themeforest.net/item/yourstore-best-responsive-prestashop-17-theme/20037819?s_rank=436",
    "versions": {}
  },
  {
    "comments": 4,
    "created_at": "2016-10-20 00:00:00",
    "deleted_at": null,
    "name": "leo-revo-responsive-prestashop-theme",
    "sales": 9,
    "source": "themeforest",
    "title": "Leo Revo Responsive Prestashop Theme",
    "updated_at": "2016-10-20 00:00:00",
    "url": "https://themeforest.net/item/leo-revo-responsive-prestashop-theme/18325902?s_rank=526",
    "versions": {}
  },
  {
    "comments": 9,
    "created_at": "2016-09-20 00:00:00",
    "deleted_at": null,
    "name": "maxshop-responsive-ecommerce-prestashop-theme",
    "sales": 9,
    "source": "themeforest",
    "title": "Maxshop - Responsive eCommerce Prestashop Theme",
    "updated_at": "2016-10-15 00:00:00",
    "url": "https://themeforest.net/item/maxshop-responsive-ecommerce-prestashop-theme/17663877?s_rank=544",
    "versions": {}
  },
  {
    "comments": 8,
    "created_at": "2015-09-22 00:00:00",
    "deleted_at": null,
    "name": "fashion-feast-prestashop-responsive-theme",
    "sales": 9,
    "source": "themeforest",
    "title": "Fashion Feast - Prestashop Responsive Theme",
    "updated_at": "2015-11-30 00:00:00",
    "url": "https://themeforest.net/item/fashion-feast-prestashop-responsive-theme/12849931?s_rank=628",
    "versions": {}
  },
  {
    "comments": 6,
    "created_at": "2015-09-02 00:00:00",
    "deleted_at": null,
    "name": "leo-rok-responsive-prestashop-theme",
    "sales": 9,
    "source": "themeforest",
    "title": "Leo Rok Responsive Prestashop Theme",
    "updated_at": "2016-07-19 00:00:00",
    "url": "https://themeforest.net/item/leo-rok-responsive-prestashop-theme/12585898?s_rank=659",
    "versions": {}
  },
  {
    "comments": 5,
    "created_at": "2015-04-27 00:00:00",
    "deleted_at": null,
    "name": "zana-multipurpose-responsive-prestashop-theme",
    "sales": 9,
    "source": "themeforest",
    "title": "Zana - Multipurpose Responsive Prestashop Theme",
    "updated_at": "2016-12-01 00:00:00",
    "url": "https://themeforest.net/item/zana-multipurpose-responsive-prestashop-theme/11208207?s_rank=665",
    "versions": {}
  },
  {
    "comments": 4,
    "created_at": "2016-05-27 00:00:00",
    "deleted_at": null,
    "name": "auto-club-responsive-car-dealer-prestashop-theme",
    "sales": 9,
    "source": "themeforest",
    "title": "Auto Club - Responsive Car Dealer Prestashop Theme",
    "updated_at": "2016-05-27 00:00:00",
    "url": "https://themeforest.net/item/auto-club-responsive-car-dealer-prestashop-theme/16138754?s_rank=702",
    "versions": {}
  },
  {
    "comments": 12,
    "created_at": "2017-07-19 00:00:00",
    "deleted_at": null,
    "name": "aero-car-accessories-responsive-prestashop-17-theme",
    "sales": 10,
    "source": "themeforest",
    "title": "Aero - Car Accessories Responsive Prestashop 1.7 Theme",
    "updated_at": "2017-07-19 00:00:00",
    "url": "https://themeforest.net/item/aero-car-accessories-responsive-prestashop-17-theme/20349536?s_rank=214",
    "versions": {}
  },
  {
    "comments": 12,
    "created_at": "2017-06-24 00:00:00",
    "deleted_at": null,
    "name": "smart-media-responsive-prestashop-1617-theme",
    "sales": 10,
    "source": "themeforest",
    "title": "Smart media Responsive Prestashop 1.6,1.7 Theme",
    "updated_at": "2017-07-11 00:00:00",
    "url": "https://themeforest.net/item/smart-media-responsive-prestashop-1617-theme/20097572?s_rank=378",
    "versions": {}
  },
  {
    "comments": 14,
    "created_at": "2016-10-05 00:00:00",
    "deleted_at": null,
    "name": "impulse-responsive-prestashop-theme",
    "sales": 10,
    "source": "themeforest",
    "title": "Impulse - Digital Responsive Prestashop Theme",
    "updated_at": "2017-09-03 00:00:00",
    "url": "https://themeforest.net/item/impulse-responsive-prestashop-theme/17640023?s_rank=517",
    "versions": {}
  },
  {
    "comments": 7,
    "created_at": "2017-03-21 00:00:00",
    "deleted_at": null,
    "name": "pts-moon-advanced-prestashop-17-theme",
    "sales": 10,
    "source": "themeforest",
    "title": "Pts Moon - Advanced Prestashop 1.7 Theme",
    "updated_at": "2017-06-16 00:00:00",
    "url": "https://themeforest.net/item/pts-moon-advanced-prestashop-17-theme/19557652?s_rank=531",
    "versions": {}
  },
  {
    "comments": 9,
    "created_at": "2016-06-21 00:00:00",
    "deleted_at": null,
    "name": "jms-hyperion-responsive-prestashop-theme",
    "sales": 10,
    "source": "themeforest",
    "title": "JMS Hyperion - Responsive Prestashop Theme",
    "updated_at": "2016-06-21 00:00:00",
    "url": "https://themeforest.net/item/jms-hyperion-responsive-prestashop-theme/16435213?s_rank=534",
    "versions": {}
  },
  {
    "comments": 8,
    "created_at": "2013-12-18 00:00:00",
    "deleted_at": null,
    "name": "leo-santa-prestashop-theme",
    "sales": 10,
    "source": "themeforest",
    "title": "Leo Santa Prestashop Theme",
    "updated_at": "2014-03-07 00:00:00",
    "url": "https://themeforest.net/item/leo-santa-prestashop-theme/6412634?s_rank=573",
    "versions": {}
  },
  {
    "comments": 7,
    "created_at": "2016-06-22 00:00:00",
    "deleted_at": null,
    "name": "leo-quickmart-responsive-prestashop-theme",
    "sales": 10,
    "source": "themeforest",
    "title": "Leo Quickmart Responsive Prestashop Theme",
    "updated_at": "2016-07-08 00:00:00",
    "url": "https://themeforest.net/item/leo-quickmart-responsive-prestashop-theme/16448053?s_rank=577",
    "versions": {}
  },
  {
    "comments": 7,
    "created_at": "2016-06-01 00:00:00",
    "deleted_at": null,
    "name": "leo-dulcan-responsive-prestashop-theme",
    "sales": 10,
    "source": "themeforest",
    "title": "Leo Dulcan Responsive Prestashop Theme",
    "updated_at": "2016-07-08 00:00:00",
    "url": "https://themeforest.net/item/leo-dulcan-responsive-prestashop-theme/16219375?s_rank=588",
    "versions": {}
  },
  {
    "comments": 17,
    "created_at": "2014-12-31 00:00:00",
    "deleted_at": null,
    "name": "multi-fluid-responsive-prestashop-theme",
    "sales": 10,
    "source": "themeforest",
    "title": "Multi - Fluid Responsive Prestashop Theme",
    "updated_at": "2015-01-13 00:00:00",
    "url": "https://themeforest.net/item/multi-fluid-responsive-prestashop-theme/9895250?s_rank=667",
    "versions": {}
  },
  {
    "comments": 7,
    "created_at": "2016-07-25 00:00:00",
    "deleted_at": null,
    "name": "leo-may-shop-responsive-prestashop-theme",
    "sales": 10,
    "source": "themeforest",
    "title": "Leo May Shop Responsive Prestashop Theme",
    "updated_at": "2016-07-25 00:00:00",
    "url": "https://themeforest.net/item/leo-may-shop-responsive-prestashop-theme/16682764?s_rank=687",
    "versions": {}
  },
  {
    "comments": 4,
    "created_at": "2016-06-21 00:00:00",
    "deleted_at": null,
    "name": "roma-responsive-prestashop-theme",
    "sales": 10,
    "source": "themeforest",
    "title": "Roma - Fashion Vest & Dress Responsive Prestashop Theme",
    "updated_at": "2017-09-08 00:00:00",
    "url": "https://themeforest.net/item/roma-responsive-prestashop-theme/16396582?s_rank=696",
    "versions": {}
  },
  {
    "comments": 13,
    "created_at": "2016-01-29 00:00:00",
    "deleted_at": null,
    "name": "jms-vy-fashion-responsive-prestashop-theme",
    "sales": 10,
    "source": "themeforest",
    "title": "JMS Vy Fashion - Responsive Prestashop Theme",
    "updated_at": "2016-02-27 00:00:00",
    "url": "https://themeforest.net/item/jms-vy-fashion-responsive-prestashop-theme/14568189?s_rank=698",
    "versions": {}
  },
  {
    "comments": 10,
    "created_at": "2017-06-29 00:00:00",
    "deleted_at": null,
    "name": "sarahmarket-html-template-for-supermarket-large-store-groceries-aliexpress",
    "sales": 10,
    "source": "themeforest",
    "title": "SarahMarket – HTML Template for Supermarket, Large store, Groceries, Aliexpress",
    "updated_at": "2017-06-29 00:00:00",
    "url": "https://themeforest.net/item/sarahmarket-html-template-for-supermarket-large-store-groceries-aliexpress/20244572?s_rank=773",
    "versions": {}
  },
  {
    "comments": 13,
    "created_at": "2017-02-24 00:00:00",
    "deleted_at": null,
    "name": "comeback-premium-multipurpose-html5-theme",
    "sales": 10,
    "source": "themeforest",
    "title": "Comeback - Premium Multipurpose HTML5 theme",
    "updated_at": "2017-02-24 00:00:00",
    "url": "https://themeforest.net/item/comeback-premium-multipurpose-html5-theme/18147295?s_rank=776",
    "versions": {}
  },
  {
    "comments": 9,
    "created_at": "2015-12-31 00:00:00",
    "deleted_at": null,
    "name": "everest-multipurpose-ecommerce-business-psd",
    "sales": 10,
    "source": "themeforest",
    "title": "Everest - Multi-Purpose eCommerce Business PSD",
    "updated_at": "2016-04-26 00:00:00",
    "url": "https://themeforest.net/item/everest-multipurpose-ecommerce-business-psd/13472742?s_rank=838",
    "versions": {}
  },
  {
    "comments": 9,
    "created_at": "2017-06-13 00:00:00",
    "deleted_at": null,
    "name": "greak-way-home-decor-prestashop-theme",
    "sales": 11,
    "source": "themeforest",
    "title": "Greak Way - Home Decor Prestashop Theme",
    "updated_at": "2017-06-17 00:00:00",
    "url": "https://themeforest.net/item/greak-way-home-decor-prestashop-theme/20143374?s_rank=307",
    "versions": {}
  },
  {
    "comments": 5,
    "created_at": "2016-12-09 00:00:00",
    "deleted_at": null,
    "name": "leo-koreni-responsive-prestashop-theme",
    "sales": 11,
    "source": "themeforest",
    "title": "Leo Koreni Responsive Prestashop Theme",
    "updated_at": "2016-12-09 00:00:00",
    "url": "https://themeforest.net/item/leo-koreni-responsive-prestashop-theme/18975578?s_rank=448",
    "versions": {}
  },
  {
    "comments": 8,
    "created_at": "2016-10-11 00:00:00",
    "deleted_at": null,
    "name": "jms-hestia-responsive-prestashop-theme",
    "sales": 11,
    "source": "themeforest",
    "title": "JMS Hestia - Responsive Prestashop Theme",
    "updated_at": "2016-10-11 00:00:00",
    "url": "https://themeforest.net/item/jms-hestia-responsive-prestashop-theme/18041246?s_rank=476",
    "versions": {}
  },
  {
    "comments": 9,
    "created_at": "2015-04-07 00:00:00",
    "deleted_at": null,
    "name": "macedo-responsive-prestashop-theme",
    "sales": 11,
    "source": "themeforest",
    "title": "Macedo - Responsive Prestashop Theme",
    "updated_at": "2015-04-07 00:00:00",
    "url": "https://themeforest.net/item/macedo-responsive-prestashop-theme/10958309?s_rank=498",
    "versions": {
      "1.0": {
        "date": "2015-06-04 00:00:00"
      }
    }
  },
  {
    "comments": 3,
    "created_at": "2016-10-11 00:00:00",
    "deleted_at": null,
    "name": "leo-odin-responsive-prestashop-theme",
    "sales": 11,
    "source": "themeforest",
    "title": "Leo Odin Responsive Prestashop Theme",
    "updated_at": "2016-10-11 00:00:00",
    "url": "https://themeforest.net/item/leo-odin-responsive-prestashop-theme/18021431?s_rank=508",
    "versions": {}
  },
  {
    "comments": 7,
    "created_at": "2016-08-20 00:00:00",
    "deleted_at": null,
    "name": "jms-titan-responsive-prestashop-theme",
    "sales": 11,
    "source": "themeforest",
    "title": "JMS Titan - Responsive Prestashop Theme",
    "updated_at": "2016-08-20 00:00:00",
    "url": "https://themeforest.net/item/jms-titan-responsive-prestashop-theme/17201085?s_rank=512",
    "versions": {}
  },
  {
    "comments": 11,
    "created_at": "2017-06-30 00:00:00",
    "deleted_at": null,
    "name": "masta-clean-responsive-baby-shop-prestashop-17-theme",
    "sales": 11,
    "source": "themeforest",
    "title": "Masta - Clean, Responsive Baby Shop Prestashop 1.7 Theme",
    "updated_at": "2017-08-18 00:00:00",
    "url": "https://themeforest.net/item/masta-clean-responsive-baby-shop-prestashop-17-theme/20101006?s_rank=560",
    "versions": {}
  },
  {
    "comments": 11,
    "created_at": "2016-12-28 00:00:00",
    "deleted_at": null,
    "name": "perfect-multi-purpose-retina-prestashop-theme",
    "sales": 11,
    "source": "themeforest",
    "title": "Perfect - Multi Purpose Retina Prestashop Theme",
    "updated_at": "2016-12-28 00:00:00",
    "url": "https://themeforest.net/item/perfect-multi-purpose-retina-prestashop-theme/19056314?s_rank=597",
    "versions": {}
  },
  {
    "comments": 14,
    "created_at": "2017-07-01 00:00:00",
    "deleted_at": null,
    "name": "book-store-books-publisher-responsive-prestashop-17-theme",
    "sales": 11,
    "source": "themeforest",
    "title": "Book Store - Books Publisher Responsive Prestashop 1.7 Theme",
    "updated_at": "2017-08-22 00:00:00",
    "url": "https://themeforest.net/item/book-store-books-publisher-responsive-prestashop-17-theme/20110043?s_rank=600",
    "versions": {}
  },
  {
    "comments": 9,
    "created_at": "2016-10-12 00:00:00",
    "deleted_at": null,
    "name": "pts-amishop-digital-electronics-prestashop-theme",
    "sales": 11,
    "source": "themeforest",
    "title": "Pts Amishop - Digital & Electronics Prestashop Theme",
    "updated_at": "2017-06-29 00:00:00",
    "url": "https://themeforest.net/item/pts-amishop-digital-electronics-prestashop-theme/18151819?s_rank=632",
    "versions": {}
  },
  {
    "comments": 7,
    "created_at": "2015-07-14 00:00:00",
    "deleted_at": null,
    "name": "fabia-responsive-multipurpose-prestashop-theme",
    "sales": 11,
    "source": "themeforest",
    "title": "Fabia - Restaurant Responsive Prestashop Theme",
    "updated_at": "2017-07-27 00:00:00",
    "url": "https://themeforest.net/item/fabia-responsive-multipurpose-prestashop-theme/12014753?s_rank=641",
    "versions": {}
  },
  {
    "comments": 3,
    "created_at": "2015-07-08 00:00:00",
    "deleted_at": null,
    "name": "lozastoremultipurpose-responsive-prestashop-theme",
    "sales": 11,
    "source": "themeforest",
    "title": "Lozastore-Multipurpose Responsive PrestaShop Theme",
    "updated_at": "2015-07-08 00:00:00",
    "url": "https://themeforest.net/item/lozastoremultipurpose-responsive-prestashop-theme/11954298?s_rank=651",
    "versions": {}
  },
  {
    "comments": 7,
    "created_at": "2016-08-31 00:00:00",
    "deleted_at": null,
    "name": "pts-rubick-advanced-prestashop-theme-for-furniture-decor",
    "sales": 11,
    "source": "themeforest",
    "title": "Pts Rubick - Advanced Prestashop Theme for Furniture & Decor",
    "updated_at": "2017-06-29 00:00:00",
    "url": "https://themeforest.net/item/pts-rubick-advanced-prestashop-theme-for-furniture-decor/17416300?s_rank=684",
    "versions": {}
  },
  {
    "comments": 7,
    "created_at": "2015-10-16 00:00:00",
    "deleted_at": null,
    "name": "leo-bee-shop-responsive-prestashop-theme",
    "sales": 11,
    "source": "themeforest",
    "title": "Leo Bee Shop Responsive Prestashop Theme",
    "updated_at": "2016-07-15 00:00:00",
    "url": "https://themeforest.net/item/leo-bee-shop-responsive-prestashop-theme/13167469?s_rank=705",
    "versions": {}
  },
  {
    "comments": 6,
    "created_at": "2015-08-26 00:00:00",
    "deleted_at": null,
    "name": "ogence-multi-store-responsive-prestashop-theme",
    "sales": 11,
    "source": "themeforest",
    "title": "Ogence – Multi Store Responsive Prestashop Theme",
    "updated_at": "2015-08-26 00:00:00",
    "url": "https://themeforest.net/item/ogence-multi-store-responsive-prestashop-theme/12508773?s_rank=708",
    "versions": {}
  },
  {
    "comments": 9,
    "created_at": "2015-07-08 00:00:00",
    "deleted_at": null,
    "name": "wooland-responsive-ecommerce-html-template",
    "sales": 11,
    "source": "themeforest",
    "title": "Wooland - Responsive eCommerce HTML Template",
    "updated_at": "2015-07-08 00:00:00",
    "url": "https://themeforest.net/item/wooland-responsive-ecommerce-html-template/11944545?s_rank=746",
    "versions": {}
  },
  {
    "comments": 10,
    "created_at": "2015-10-24 00:00:00",
    "deleted_at": null,
    "name": "vy-multipurpose-ecommerce-psd-template",
    "sales": 11,
    "source": "themeforest",
    "title": "Vy – MultiPurpose eCommerce PSD Template",
    "updated_at": "2016-01-16 00:00:00",
    "url": "https://themeforest.net/item/vy-multipurpose-ecommerce-psd-template/13307755?s_rank=839",
    "versions": {}
  },
  {
    "comments": 15,
    "created_at": "2017-08-18 00:00:00",
    "deleted_at": null,
    "name": "techone-modern-prestashop-theme",
    "sales": 12,
    "source": "themeforest",
    "title": "TechOne - Multipurpose PrestaShop 1.7 Theme",
    "updated_at": "2017-09-12 00:00:00",
    "url": "https://themeforest.net/item/techone-modern-prestashop-theme/20383869?s_rank=10",
    "versions": {}
  },
  {
    "comments": 9,
    "created_at": "2017-03-17 00:00:00",
    "deleted_at": null,
    "name": "mixedshop-multipurpose-prestashop-theme",
    "sales": 12,
    "source": "themeforest",
    "title": "Mixedshop - Multipurpose Prestashop Theme",
    "updated_at": "2017-08-25 00:00:00",
    "url": "https://themeforest.net/item/mixedshop-multipurpose-prestashop-theme/19544804?s_rank=97",
    "versions": {}
  },
  {
    "comments": 12,
    "created_at": "2016-10-14 00:00:00",
    "deleted_at": null,
    "name": "the-wind-responsive-prestashop-theme",
    "sales": 12,
    "source": "themeforest",
    "title": "The Wind - Responsive Prestashop Theme",
    "updated_at": "2016-10-14 00:00:00",
    "url": "https://themeforest.net/item/the-wind-responsive-prestashop-theme/17981836?s_rank=239",
    "versions": {}
  },
  {
    "comments": 13,
    "created_at": "2017-02-08 00:00:00",
    "deleted_at": null,
    "name": "leo-exgym-responsive-prestashop-theme",
    "sales": 12,
    "source": "themeforest",
    "title": "Leo Exgym Responsive Prestashop Theme",
    "updated_at": "2017-08-31 00:00:00",
    "url": "https://themeforest.net/item/leo-exgym-responsive-prestashop-theme/19342441?s_rank=371",
    "versions": {}
  },
  {
    "comments": 7,
    "created_at": "2016-12-27 00:00:00",
    "deleted_at": null,
    "name": "marlboro-multipurpose-responsive-prestashop-theme",
    "sales": 12,
    "source": "themeforest",
    "title": "Marlboro- Multipurpose Responsive Prestashop Theme",
    "updated_at": "2016-12-27 00:00:00",
    "url": "https://themeforest.net/item/marlboro-multipurpose-responsive-prestashop-theme/19203723?s_rank=426",
    "versions": {}
  },
  {
    "comments": 12,
    "created_at": "2017-05-26 00:00:00",
    "deleted_at": null,
    "name": "princess-shopping-responsive-prestashop-17-theme",
    "sales": 12,
    "source": "themeforest",
    "title": "Princess - Minimalist Shopping Responsive Prestashop 1.7 Theme",
    "updated_at": "2017-09-06 00:00:00",
    "url": "https://themeforest.net/item/princess-shopping-responsive-prestashop-17-theme/19936019?s_rank=429",
    "versions": {}
  },
  {
    "comments": 4,
    "created_at": "2016-09-23 00:00:00",
    "deleted_at": null,
    "name": "classy-elegant-modern-prestashop-theme",
    "sales": 12,
    "source": "themeforest",
    "title": "Classy - elegant, modern PrestaShop theme",
    "updated_at": "2016-11-19 00:00:00",
    "url": "https://themeforest.net/item/classy-elegant-modern-prestashop-theme/17714585?s_rank=462",
    "versions": {}
  },
  {
    "comments": 10,
    "created_at": "2016-11-12 00:00:00",
    "deleted_at": null,
    "name": "leo-otis-responsive-prestashop-theme",
    "sales": 12,
    "source": "themeforest",
    "title": "Leo Otis Responsive Prestashop Theme",
    "updated_at": "2016-11-12 00:00:00",
    "url": "https://themeforest.net/item/leo-otis-responsive-prestashop-theme/18701606?s_rank=469",
    "versions": {}
  },
  {
    "comments": 3,
    "created_at": "2016-10-25 00:00:00",
    "deleted_at": null,
    "name": "leo-begin-responsive-prestashop-theme",
    "sales": 12,
    "source": "themeforest",
    "title": "Leo Begin Responsive Prestashop Theme",
    "updated_at": "2016-10-25 00:00:00",
    "url": "https://themeforest.net/item/leo-begin-responsive-prestashop-theme/18368809?s_rank=480",
    "versions": {}
  },
  {
    "comments": 9,
    "created_at": "2016-07-20 00:00:00",
    "deleted_at": null,
    "name": "jms-wooplus-responsive-prestashop-theme",
    "sales": 12,
    "source": "themeforest",
    "title": "JMS WooPlus - Responsive Prestashop Theme",
    "updated_at": "2016-07-20 00:00:00",
    "url": "https://themeforest.net/item/jms-wooplus-responsive-prestashop-theme/16692520?s_rank=527",
    "versions": {}
  },
  {
    "comments": 11,
    "created_at": "2016-04-16 00:00:00",
    "deleted_at": null,
    "name": "leo-shopstars-responsive-prestashop-theme",
    "sales": 12,
    "source": "themeforest",
    "title": "Leo Shopstars Responsive Prestashop Theme",
    "updated_at": "2016-07-08 00:00:00",
    "url": "https://themeforest.net/item/leo-shopstars-responsive-prestashop-theme/15560517?s_rank=582",
    "versions": {}
  },
  {
    "comments": 11,
    "created_at": "2017-06-24 00:00:00",
    "deleted_at": null,
    "name": "galaxy-technology-digital-electronics-responsive-prestashop-17-theme",
    "sales": 12,
    "source": "themeforest",
    "title": "Galaxy - Technology Digital, Electronics Responsive Prestashop 1.7 Theme",
    "updated_at": "2017-09-06 00:00:00",
    "url": "https://themeforest.net/item/galaxy-technology-digital-electronics-responsive-prestashop-17-theme/20091841?s_rank=599",
    "versions": {}
  },
  {
    "comments": 8,
    "created_at": "2015-12-17 00:00:00",
    "deleted_at": null,
    "name": "toppy-multipurpose-responsive-prestashop-theme",
    "sales": 12,
    "source": "themeforest",
    "title": "Toppy - Multipurpose Responsive Prestashop Theme",
    "updated_at": "2016-12-01 00:00:00",
    "url": "https://themeforest.net/item/toppy-multipurpose-responsive-prestashop-theme/14011731?s_rank=607",
    "versions": {}
  },
  {
    "comments": 16,
    "created_at": "2017-06-13 00:00:00",
    "deleted_at": null,
    "name": "jms-80s-mod-vintage-style-prestashop-theme",
    "sales": 12,
    "source": "themeforest",
    "title": "JMS 80's Mod - Vintage Style Prestashop Theme",
    "updated_at": "2017-06-13 00:00:00",
    "url": "https://themeforest.net/item/jms-80s-mod-vintage-style-prestashop-theme/19892490?s_rank=630",
    "versions": {}
  },
  {
    "comments": 18,
    "created_at": "2016-09-06 00:00:00",
    "deleted_at": null,
    "name": "avalon-wholesale-store-responsive-prestashop-theme",
    "sales": 12,
    "source": "themeforest",
    "title": "Avalon - Wholesale Store Responsive Prestashop Theme",
    "updated_at": "2016-10-26 00:00:00",
    "url": "https://themeforest.net/item/avalon-wholesale-store-responsive-prestashop-theme/17158412?s_rank=682",
    "versions": {}
  },
  {
    "comments": 24,
    "created_at": "2015-03-21 00:00:00",
    "deleted_at": null,
    "name": "astra-responsive-multipurpose-prestashop-theme",
    "sales": 12,
    "source": "themeforest",
    "title": "Astra - Wine Store Responsive Prestashop Theme",
    "updated_at": "2017-07-27 00:00:00",
    "url": "https://themeforest.net/item/astra-responsive-multipurpose-prestashop-theme/10822417?s_rank=706",
    "versions": {}
  },
  {
    "comments": 10,
    "created_at": "2017-02-28 00:00:00",
    "deleted_at": null,
    "name": "okay-responsive-prestashop-theme",
    "sales": 13,
    "source": "themeforest",
    "title": "Okay - Responsive Prestashop Theme",
    "updated_at": "2017-04-27 00:00:00",
    "url": "https://themeforest.net/item/okay-responsive-prestashop-theme/19476490?s_rank=156",
    "versions": {}
  },
  {
    "comments": 9,
    "created_at": "2017-06-28 00:00:00",
    "deleted_at": null,
    "name": "classico-responsive-prestashop-16-17-theme",
    "sales": 13,
    "source": "themeforest",
    "title": "Classico - Responsive Prestashop 1.6, 1.7 Theme",
    "updated_at": "2017-06-28 00:00:00",
    "url": "https://themeforest.net/item/classico-responsive-prestashop-16-17-theme/20239188?s_rank=232",
    "versions": {}
  },
  {
    "comments": 9,
    "created_at": "2016-12-16 00:00:00",
    "deleted_at": null,
    "name": "fato-multipurpose-responsive-prestashop-theme",
    "sales": 13,
    "source": "themeforest",
    "title": "Fato - Multipurpose Responsive Prestashop Theme",
    "updated_at": "2016-12-16 00:00:00",
    "url": "https://themeforest.net/item/fato-multipurpose-responsive-prestashop-theme/19083617?s_rank=424",
    "versions": {}
  },
  {
    "comments": 8,
    "created_at": "2016-10-14 00:00:00",
    "deleted_at": null,
    "name": "leo-over-responsive-prestashop-theme",
    "sales": 13,
    "source": "themeforest",
    "title": "Leo Over Responsive Prestashop Theme",
    "updated_at": "2016-10-14 00:00:00",
    "url": "https://themeforest.net/item/leo-over-responsive-prestashop-theme/18262231?s_rank=474",
    "versions": {}
  },
  {
    "comments": 3,
    "created_at": "2016-05-07 00:00:00",
    "deleted_at": null,
    "name": "vesta-responsive-prestashop-theme",
    "sales": 13,
    "source": "themeforest",
    "title": "Vesta - Fashion Responsive Prestashop Theme",
    "updated_at": "2017-09-08 00:00:00",
    "url": "https://themeforest.net/item/vesta-responsive-prestashop-theme/15814186?s_rank=555",
    "versions": {}
  },
  {
    "comments": 12,
    "created_at": "2017-02-07 00:00:00",
    "deleted_at": null,
    "name": "pts-crafts-advanced-multipurpose-responsive-prestashop-theme",
    "sales": 13,
    "source": "themeforest",
    "title": "Pts Crafts - Advanced Multipurpose Responsive Prestashop Theme",
    "updated_at": "2017-02-07 00:00:00",
    "url": "https://themeforest.net/item/pts-crafts-advanced-multipurpose-responsive-prestashop-theme/19263120?s_rank=562",
    "versions": {}
  },
  {
    "comments": 10,
    "created_at": "2015-11-16 00:00:00",
    "deleted_at": null,
    "name": "leo-collection-responsive-prestashop-theme",
    "sales": 13,
    "source": "themeforest",
    "title": "Leo Collection Responsive Prestashop Theme",
    "updated_at": "2016-07-19 00:00:00",
    "url": "https://themeforest.net/item/leo-collection-responsive-prestashop-theme/13394982?s_rank=598",
    "versions": {}
  },
  {
    "comments": 10,
    "created_at": "2015-11-16 00:00:00",
    "deleted_at": null,
    "name": "sns-somine-responsive-prestashop-theme",
    "sales": 13,
    "source": "themeforest",
    "title": "SNS Somine - Responsive Prestashop Theme",
    "updated_at": "2015-11-25 00:00:00",
    "url": "https://themeforest.net/item/sns-somine-responsive-prestashop-theme/13536899?s_rank=617",
    "versions": {}
  },
  {
    "comments": 9,
    "created_at": "2015-04-16 00:00:00",
    "deleted_at": null,
    "name": "swagger-multipurpose-prestashop-theme",
    "sales": 13,
    "source": "themeforest",
    "title": "SWAGGER - Multi-Purpose PrestaShop Theme",
    "updated_at": "2015-04-16 00:00:00",
    "url": "https://themeforest.net/item/swagger-multipurpose-prestashop-theme/11111214?s_rank=634",
    "versions": {}
  },
  {
    "comments": 7,
    "created_at": "2016-07-19 00:00:00",
    "deleted_at": null,
    "name": "bluesport-responsive-prestashop-theme-for-sport-store",
    "sales": 13,
    "source": "themeforest",
    "title": "BlueSport - Responsive Prestashop Theme for Sport Store",
    "updated_at": "2017-06-30 00:00:00",
    "url": "https://themeforest.net/item/bluesport-responsive-prestashop-theme-for-sport-store/15779781?s_rank=675",
    "versions": {}
  },
  {
    "comments": 9,
    "created_at": "2016-04-19 00:00:00",
    "deleted_at": null,
    "name": "leo-shopping-office-responsive-prestashop-theme",
    "sales": 13,
    "source": "themeforest",
    "title": "Leo Shopping Office Responsive Prestashop Theme",
    "updated_at": "2016-07-08 00:00:00",
    "url": "https://themeforest.net/item/leo-shopping-office-responsive-prestashop-theme/15609845?s_rank=686",
    "versions": {}
  },
  {
    "comments": 16,
    "created_at": "2015-10-16 00:00:00",
    "deleted_at": null,
    "name": "wrangler-multipurpose-prestashop-theme",
    "sales": 13,
    "source": "themeforest",
    "title": "Wrangler - Fashion Store Prestashop Theme & Template",
    "updated_at": "2017-07-27 00:00:00",
    "url": "https://themeforest.net/item/wrangler-multipurpose-prestashop-theme/13173857?s_rank=701",
    "versions": {}
  },
  {
    "comments": 12,
    "created_at": "2016-10-26 00:00:00",
    "deleted_at": null,
    "name": "imake-stunning-prestashop-theme-for-fashion-accessories-cosmetic-digital-and-jewelry-stores",
    "sales": 13,
    "source": "themeforest",
    "title": "I-Make Stunning Prestashop Theme for Fashion, Accessories, Cosmetic, Digital and Jewelry stores",
    "updated_at": "2016-11-15 00:00:00",
    "url": "https://themeforest.net/item/imake-stunning-prestashop-theme-for-fashion-accessories-cosmetic-digital-and-jewelry-stores/18400799?s_rank=715",
    "versions": {}
  },
  {
    "comments": 5,
    "created_at": "2016-11-25 00:00:00",
    "deleted_at": null,
    "name": "leo-xalem-responsive-multiple-theme",
    "sales": 13,
    "source": "themeforest",
    "title": "Leo Xalem Responsive Multiple Theme",
    "updated_at": "2017-08-25 00:00:00",
    "url": "https://themeforest.net/item/leo-xalem-responsive-multiple-theme/18865722?s_rank=751",
    "versions": {}
  },
  {
    "comments": 9,
    "created_at": "2017-06-05 00:00:00",
    "deleted_at": null,
    "name": "negan-clean-minimal-ecommerce-psd-templates",
    "sales": 13,
    "source": "themeforest",
    "title": "Negan - Clean, Minimal eCommerce PSD Templates",
    "updated_at": "2017-06-05 00:00:00",
    "url": "https://themeforest.net/item/negan-clean-minimal-ecommerce-psd-templates/20003277?s_rank=793",
    "versions": {}
  },
  {
    "comments": 7,
    "created_at": "2016-04-14 00:00:00",
    "deleted_at": null,
    "name": "sconto-responsive-ecommerce-psd-template",
    "sales": 13,
    "source": "themeforest",
    "title": "Sconto - Responsive eCommerce PSD Template",
    "updated_at": "2016-06-03 00:00:00",
    "url": "https://themeforest.net/item/sconto-responsive-ecommerce-psd-template/15588501?s_rank=810",
    "versions": {}
  },
  {
    "comments": 9,
    "created_at": "2017-06-09 00:00:00",
    "deleted_at": null,
    "name": "jms-mocha-creative-multipurpose-prestashop-theme",
    "sales": 14,
    "source": "themeforest",
    "title": "JMS Mocha - Creative Multipurpose Prestashop Theme",
    "updated_at": "2017-06-09 00:00:00",
    "url": "https://themeforest.net/item/jms-mocha-creative-multipurpose-prestashop-theme/20010116?s_rank=361",
    "versions": {}
  },
  {
    "comments": 10,
    "created_at": "2017-07-19 00:00:00",
    "deleted_at": null,
    "name": "furniture-shop-interior-design-responsive-prestashop-17-theme",
    "sales": 14,
    "source": "themeforest",
    "title": "Furniture Shop - Interior Design Responsive Prestashop 1.7 Theme",
    "updated_at": "2017-08-21 00:00:00",
    "url": "https://themeforest.net/item/furniture-shop-interior-design-responsive-prestashop-17-theme/20241025?s_rank=481",
    "versions": {}
  },
  {
    "comments": 6,
    "created_at": "2016-09-27 00:00:00",
    "deleted_at": null,
    "name": "gloria-responsive-prestashop-theme",
    "sales": 14,
    "source": "themeforest",
    "title": "Gloria - Fashion Responsive Prestashop Theme",
    "updated_at": "2017-08-31 00:00:00",
    "url": "https://themeforest.net/item/gloria-responsive-prestashop-theme/17471979?s_rank=484",
    "versions": {}
  },
  {
    "comments": 8,
    "created_at": "2016-05-31 00:00:00",
    "deleted_at": null,
    "name": "leo-cogen-responsive-prestashop-theme",
    "sales": 14,
    "source": "themeforest",
    "title": "Leo Cogen Responsive Prestashop Theme",
    "updated_at": "2016-07-08 00:00:00",
    "url": "https://themeforest.net/item/leo-cogen-responsive-prestashop-theme/16204594?s_rank=521",
    "versions": {}
  },
  {
    "comments": 13,
    "created_at": "2017-01-25 00:00:00",
    "deleted_at": null,
    "name": "pts-blackstore-fashion-prestashop-17-theme",
    "sales": 14,
    "source": "themeforest",
    "title": "Pts Blackstore - Fashion Prestashop 1.7 Theme",
    "updated_at": "2017-06-16 00:00:00",
    "url": "https://themeforest.net/item/pts-blackstore-fashion-prestashop-17-theme/19332278?s_rank=529",
    "versions": {}
  },
  {
    "comments": 14,
    "created_at": "2015-03-16 00:00:00",
    "deleted_at": null,
    "name": "gazal-premium-responsive-prestashop-theme",
    "sales": 14,
    "source": "themeforest",
    "title": "Gazal - Premium Responsive PrestaShop Theme",
    "updated_at": "2016-02-12 00:00:00",
    "url": "https://themeforest.net/item/gazal-premium-responsive-prestashop-theme/10508647?s_rank=541",
    "versions": {}
  },
  {
    "comments": 8,
    "created_at": "2015-09-29 00:00:00",
    "deleted_at": null,
    "name": "leo-present-responsive-prestashop-theme",
    "sales": 14,
    "source": "themeforest",
    "title": "Leo Present Responsive Prestashop Theme",
    "updated_at": "2017-06-28 00:00:00",
    "url": "https://themeforest.net/item/leo-present-responsive-prestashop-theme/13006097?s_rank=601",
    "versions": {}
  },
  {
    "comments": 7,
    "created_at": "2015-09-10 00:00:00",
    "deleted_at": null,
    "name": "leo-anywhere-responsive-prestashop-theme",
    "sales": 14,
    "source": "themeforest",
    "title": "Leo Anywhere - Responsive Prestashop Theme",
    "updated_at": "2016-07-18 00:00:00",
    "url": "https://themeforest.net/item/leo-anywhere-responsive-prestashop-theme/12695710?s_rank=621",
    "versions": {}
  },
  {
    "comments": 8,
    "created_at": "2016-05-04 00:00:00",
    "deleted_at": null,
    "name": "sku-multi-purpose-responsive-prestashop-theme-",
    "sales": 14,
    "source": "themeforest",
    "title": "Sku - Multi Purpose Responsive PrestaShop Theme ",
    "updated_at": "2016-06-28 00:00:00",
    "url": "https://themeforest.net/item/sku-multi-purpose-responsive-prestashop-theme-/15704097?s_rank=631",
    "versions": {}
  },
  {
    "comments": 6,
    "created_at": "2012-09-15 00:00:00",
    "deleted_at": null,
    "name": "mint-store-premium-prestashop-template",
    "sales": 14,
    "source": "themeforest",
    "title": "Mint Store - Premium PrestaShop Template",
    "updated_at": "2012-09-15 00:00:00",
    "url": "https://themeforest.net/item/mint-store-premium-prestashop-template/3028798?s_rank=653",
    "versions": {}
  },
  {
    "comments": 6,
    "created_at": "2016-06-16 00:00:00",
    "deleted_at": null,
    "name": "kitchen-responsive-prestashop-theme-for-kitchen-store",
    "sales": 14,
    "source": "themeforest",
    "title": "Kitchen - Responsive Prestashop Theme for Kitchen Store",
    "updated_at": "2017-07-03 00:00:00",
    "url": "https://themeforest.net/item/kitchen-responsive-prestashop-theme-for-kitchen-store/15779197?s_rank=658",
    "versions": {}
  },
  {
    "comments": 5,
    "created_at": "2016-09-20 00:00:00",
    "deleted_at": null,
    "name": "pts-taima-advanced-digital-prestashop-theme",
    "sales": 14,
    "source": "themeforest",
    "title": "Pts Taima - Advanced Digital Prestashop Theme",
    "updated_at": "2017-07-03 00:00:00",
    "url": "https://themeforest.net/item/pts-taima-advanced-digital-prestashop-theme/17405336?s_rank=661",
    "versions": {}
  },
  {
    "comments": 11,
    "created_at": "2017-05-11 00:00:00",
    "deleted_at": null,
    "name": "winner-yoga-gym-fitness-responsive-prestashop-theme",
    "sales": 14,
    "source": "themeforest",
    "title": "Winner - Yoga Gym & Fitness Responsive Prestashop 1.7 Theme",
    "updated_at": "2017-09-06 00:00:00",
    "url": "https://themeforest.net/item/winner-yoga-gym-fitness-responsive-prestashop-theme/19860343?s_rank=670",
    "versions": {}
  },
  {
    "comments": 8,
    "created_at": "2015-07-16 00:00:00",
    "deleted_at": null,
    "name": "bautique-mega-shop-responsive-prestashop-theme",
    "sales": 14,
    "source": "themeforest",
    "title": "Bautique - Mega Shop Responsive Prestashop Theme",
    "updated_at": "2015-07-16 00:00:00",
    "url": "https://themeforest.net/item/bautique-mega-shop-responsive-prestashop-theme/12056021?s_rank=704",
    "versions": {}
  },
  {
    "comments": 11,
    "created_at": "2015-04-22 00:00:00",
    "deleted_at": null,
    "name": "nimis-ecommerce-online-shop-psd-template",
    "sales": 14,
    "source": "themeforest",
    "title": "Nimis - eCommerce, Online Shop PSD Template",
    "updated_at": "2015-04-22 00:00:00",
    "url": "https://themeforest.net/item/nimis-ecommerce-online-shop-psd-template/11200181?s_rank=745",
    "versions": {}
  },
  {
    "comments": 6,
    "created_at": "2015-10-14 00:00:00",
    "deleted_at": null,
    "name": "shine-prestashop-responsive-theme",
    "sales": 15,
    "source": "themeforest",
    "title": "Shine - Prestashop Responsive Theme",
    "updated_at": "2015-11-29 00:00:00",
    "url": "https://themeforest.net/item/shine-prestashop-responsive-theme/13079176?s_rank=347",
    "versions": {}
  },
  {
    "comments": 13,
    "created_at": "2017-05-01 00:00:00",
    "deleted_at": null,
    "name": "pts-boost-responsive-prestashop-17-theme",
    "sales": 15,
    "source": "themeforest",
    "title": "Pts Boost - Responsive Prestashop 1.7 Theme",
    "updated_at": "2017-07-07 00:00:00",
    "url": "https://themeforest.net/item/pts-boost-responsive-prestashop-17-theme/19780030?s_rank=421",
    "versions": {}
  },
  {
    "comments": 9,
    "created_at": "2016-07-09 00:00:00",
    "deleted_at": null,
    "name": "silk-responsive-prestashop-theme",
    "sales": 15,
    "source": "themeforest",
    "title": "Silk - Fashion Responsive Prestashop Theme",
    "updated_at": "2017-09-08 00:00:00",
    "url": "https://themeforest.net/item/silk-responsive-prestashop-theme/16536313?s_rank=515",
    "versions": {}
  },
  {
    "comments": 5,
    "created_at": "2016-02-03 00:00:00",
    "deleted_at": null,
    "name": "brize-responsive-prestashop-fashion-theme",
    "sales": 15,
    "source": "themeforest",
    "title": "Brize - Responsive Prestashop Fashion Theme",
    "updated_at": "2016-02-03 00:00:00",
    "url": "https://themeforest.net/item/brize-responsive-prestashop-fashion-theme/14629963?s_rank=530",
    "versions": {}
  },
  {
    "comments": 9,
    "created_at": "2016-02-25 00:00:00",
    "deleted_at": null,
    "name": "manga-premium-responsive-prestashop-theme",
    "sales": 15,
    "source": "themeforest",
    "title": "Manga - Premium Responsive Prestashop Theme",
    "updated_at": "2016-02-25 00:00:00",
    "url": "https://themeforest.net/item/manga-premium-responsive-prestashop-theme/14937893?s_rank=565",
    "versions": {}
  },
  {
    "comments": 5,
    "created_at": "2015-05-27 00:00:00",
    "deleted_at": null,
    "name": "belima-responsive-prestashop-fashion-theme-",
    "sales": 15,
    "source": "themeforest",
    "title": "Belima - Responsive Prestashop Fashion Theme ",
    "updated_at": "2015-05-27 00:00:00",
    "url": "https://themeforest.net/item/belima-responsive-prestashop-fashion-theme-/11540036?s_rank=594",
    "versions": {}
  },
  {
    "comments": 9,
    "created_at": "2015-08-06 00:00:00",
    "deleted_at": null,
    "name": "orianna-prestashop-theme-multi-purpose",
    "sales": 15,
    "source": "themeforest",
    "title": "Orianna - Prestashop Theme Multi Purpose",
    "updated_at": "2015-08-06 00:00:00",
    "url": "https://themeforest.net/item/orianna-prestashop-theme-multi-purpose/12322296?s_rank=604",
    "versions": {}
  },
  {
    "comments": 16,
    "created_at": "2015-10-21 00:00:00",
    "deleted_at": null,
    "name": "sns-gabia-responsive-prestashop-theme",
    "sales": 15,
    "source": "themeforest",
    "title": "SNS Gabia - Responsive Prestashop Theme",
    "updated_at": "2015-10-21 00:00:00",
    "url": "https://themeforest.net/item/sns-gabia-responsive-prestashop-theme/13251128?s_rank=611",
    "versions": {}
  },
  {
    "comments": 9,
    "created_at": "2016-08-11 00:00:00",
    "deleted_at": null,
    "name": "bigc-elegant-ecommerce-multipurpose-prestashop-theme",
    "sales": 15,
    "source": "themeforest",
    "title": "BigC - Elegant eCommerce Multipurpose PrestaShop Theme",
    "updated_at": "2016-09-17 00:00:00",
    "url": "https://themeforest.net/item/bigc-elegant-ecommerce-multipurpose-prestashop-theme/17086033?s_rank=668",
    "versions": {}
  },
  {
    "comments": 4,
    "created_at": "2015-08-04 00:00:00",
    "deleted_at": null,
    "name": "leo-out-door-responsive-prestashop-theme",
    "sales": 15,
    "source": "themeforest",
    "title": "Leo Out Door Responsive Prestashop Theme",
    "updated_at": "2016-07-19 00:00:00",
    "url": "https://themeforest.net/item/leo-out-door-responsive-prestashop-theme/12250122?s_rank=703",
    "versions": {}
  },
  {
    "comments": 5,
    "created_at": "2015-06-12 00:00:00",
    "deleted_at": null,
    "name": "ecom-shop-ecommerce-shopping-psd-template",
    "sales": 15,
    "source": "themeforest",
    "title": "E-com Shop - eCommerce Shopping PSD Template",
    "updated_at": "2015-06-12 00:00:00",
    "url": "https://themeforest.net/item/ecom-shop-ecommerce-shopping-psd-template/11657973?s_rank=742",
    "versions": {}
  },
  {
    "comments": 5,
    "created_at": "2017-04-18 00:00:00",
    "deleted_at": null,
    "name": "ap-exgym",
    "sales": 15,
    "source": "themeforest",
    "title": "Ap Exgym",
    "updated_at": "2017-04-18 00:00:00",
    "url": "https://themeforest.net/item/ap-exgym/19710424?s_rank=783",
    "versions": {}
  },
  {
    "comments": 10,
    "created_at": "2017-03-22 00:00:00",
    "deleted_at": null,
    "name": "bary-responsive-prestashop-theme",
    "sales": 16,
    "source": "themeforest",
    "title": "Bary - Responsive Prestashop Theme",
    "updated_at": "2017-03-22 00:00:00",
    "url": "https://themeforest.net/item/bary-responsive-prestashop-theme/19580585?s_rank=69",
    "versions": {}
  },
  {
    "comments": 13,
    "created_at": "2017-06-03 00:00:00",
    "deleted_at": null,
    "name": "matida-multipurpose-responsive-prestashop-theme",
    "sales": 16,
    "source": "themeforest",
    "title": "Matida - Multipurpose Responsive Prestashop Theme",
    "updated_at": "2017-06-03 00:00:00",
    "url": "https://themeforest.net/item/matida-multipurpose-responsive-prestashop-theme/19990390?s_rank=103",
    "versions": {}
  },
  {
    "comments": 18,
    "created_at": "2017-07-21 00:00:00",
    "deleted_at": null,
    "name": "oregon-fashion-store-ecommerce-responsive-prestashop-theme-v17",
    "sales": 16,
    "source": "themeforest",
    "title": "Oregon - Store eCommerce Responsive Prestashop Theme V1.7",
    "updated_at": "2017-08-05 00:00:00",
    "url": "https://themeforest.net/item/oregon-fashion-store-ecommerce-responsive-prestashop-theme-v17/20262305?s_rank=153",
    "versions": {}
  },
  {
    "comments": 6,
    "created_at": "2016-07-07 00:00:00",
    "deleted_at": null,
    "name": "heaven-responsive-prestashop-theme",
    "sales": 16,
    "source": "themeforest",
    "title": "Heaven - Responsive Prestashop Theme",
    "updated_at": "2016-07-07 00:00:00",
    "url": "https://themeforest.net/item/heaven-responsive-prestashop-theme/16975888?s_rank=265",
    "versions": {}
  },
  {
    "comments": 6,
    "created_at": "2016-11-11 00:00:00",
    "deleted_at": null,
    "name": "leo-conosin-responsive-prestashop-theme",
    "sales": 16,
    "source": "themeforest",
    "title": "Leo Conosin Responsive Prestashop Theme",
    "updated_at": "2017-08-23 00:00:00",
    "url": "https://themeforest.net/item/leo-conosin-responsive-prestashop-theme/18629896?s_rank=412",
    "versions": {}
  },
  {
    "comments": 12,
    "created_at": "2015-06-25 00:00:00",
    "deleted_at": null,
    "name": "pts-carestore-prestashop-themes",
    "sales": 16,
    "source": "themeforest",
    "title": "Pts CareStore Prestashop Themes",
    "updated_at": "2017-08-05 00:00:00",
    "url": "https://themeforest.net/item/pts-carestore-prestashop-themes/11850578?s_rank=415",
    "versions": {}
  },
  {
    "comments": 8,
    "created_at": "2016-06-13 00:00:00",
    "deleted_at": null,
    "name": "homestore-advanced-responsive-prestashop-theme",
    "sales": 16,
    "source": "themeforest",
    "title": "Homestore - Advanced Responsive Prestashop Theme",
    "updated_at": "2017-07-05 00:00:00",
    "url": "https://themeforest.net/item/homestore-advanced-responsive-prestashop-theme/15849835?s_rank=514",
    "versions": {}
  },
  {
    "comments": 12,
    "created_at": "2016-10-30 00:00:00",
    "deleted_at": null,
    "name": "bestmarket-multipurpose-mega-shop-responsive-prestashop-theme",
    "sales": 16,
    "source": "themeforest",
    "title": "BestMarket - Multipurpose Mega Shop Responsive Prestashop Theme",
    "updated_at": "2016-10-30 00:00:00",
    "url": "https://themeforest.net/item/bestmarket-multipurpose-mega-shop-responsive-prestashop-theme/18325710?s_rank=591",
    "versions": {}
  },
  {
    "comments": 6,
    "created_at": "2016-05-19 00:00:00",
    "deleted_at": null,
    "name": "betashop-kitchen-appliances-responsive-prestashop-theme",
    "sales": 16,
    "source": "themeforest",
    "title": "Betashop - Kitchen Appliances Responsive Prestashop Theme",
    "updated_at": "2016-05-19 00:00:00",
    "url": "https://themeforest.net/item/betashop-kitchen-appliances-responsive-prestashop-theme/15963544?s_rank=664",
    "versions": {}
  },
  {
    "comments": 6,
    "created_at": "2016-09-29 00:00:00",
    "deleted_at": null,
    "name": "charity-html-template-responsive-website-template",
    "sales": 16,
    "source": "themeforest",
    "title": "Charity HTML Template - Responsive Website Template",
    "updated_at": "2016-09-29 00:00:00",
    "url": "https://themeforest.net/item/charity-html-template-responsive-website-template/18119393?s_rank=824",
    "versions": {}
  },
  {
    "comments": 8,
    "created_at": "2017-07-20 00:00:00",
    "deleted_at": null,
    "name": "kapa-responsive-prestashop-17-theme",
    "sales": 17,
    "source": "themeforest",
    "title": "Kapa - Responsive Prestashop 1.7 Theme",
    "updated_at": "2017-09-14 00:00:00",
    "url": "https://themeforest.net/item/kapa-responsive-prestashop-17-theme/20237390?s_rank=22",
    "versions": {}
  },
  {
    "comments": 13,
    "created_at": "2015-07-03 00:00:00",
    "deleted_at": null,
    "name": "-barberry-responsive-prestashop-theme-",
    "sales": 17,
    "source": "themeforest",
    "title": " Barberry - Responsive PrestaShop Theme ",
    "updated_at": "2015-07-24 00:00:00",
    "url": "https://themeforest.net/item/-barberry-responsive-prestashop-theme-/11891850?s_rank=355",
    "versions": {}
  },
  {
    "comments": 13,
    "created_at": "2015-05-09 00:00:00",
    "deleted_at": null,
    "name": "m4u-multipurpose-responsive-prestashop",
    "sales": 17,
    "source": "themeforest",
    "title": "M4U – Multipurpose Responsive Prestashop",
    "updated_at": "2015-05-09 00:00:00",
    "url": "https://themeforest.net/item/m4u-multipurpose-responsive-prestashop/11383788?s_rank=357",
    "versions": {}
  },
  {
    "comments": 8,
    "created_at": "2015-07-02 00:00:00",
    "deleted_at": null,
    "name": "sentech-responsive-prestashop-theme",
    "sales": 17,
    "source": "themeforest",
    "title": "Sentech - Responsive Prestashop Theme",
    "updated_at": "2015-07-02 00:00:00",
    "url": "https://themeforest.net/item/sentech-responsive-prestashop-theme/11863455?s_rank=406",
    "versions": {}
  },
  {
    "comments": 12,
    "created_at": "2016-08-24 00:00:00",
    "deleted_at": null,
    "name": "leo-btq-responsive-prestashop-theme",
    "sales": 17,
    "source": "themeforest",
    "title": "Leo BTQ Responsive Prestashop Theme",
    "updated_at": "2016-08-24 00:00:00",
    "url": "https://themeforest.net/item/leo-btq-responsive-prestashop-theme/17323965?s_rank=459",
    "versions": {}
  },
  {
    "comments": 10,
    "created_at": "2016-06-16 00:00:00",
    "deleted_at": null,
    "name": "leo-value-responsive-prestashop-theme",
    "sales": 17,
    "source": "themeforest",
    "title": "Leo Value Responsive Prestashop Theme",
    "updated_at": "2016-06-16 00:00:00",
    "url": "https://themeforest.net/item/leo-value-responsive-prestashop-theme/16328670?s_rank=493",
    "versions": {}
  },
  {
    "comments": 10,
    "created_at": "2016-02-16 00:00:00",
    "deleted_at": null,
    "name": "teemo-multipurpose-responsive-prestashop-theme",
    "sales": 17,
    "source": "themeforest",
    "title": "Teemo - Multipurpose Responsive Prestashop Theme",
    "updated_at": "2016-02-16 00:00:00",
    "url": "https://themeforest.net/item/teemo-multipurpose-responsive-prestashop-theme/14799124?s_rank=505",
    "versions": {}
  },
  {
    "comments": 11,
    "created_at": "2017-02-07 00:00:00",
    "deleted_at": null,
    "name": "pts-allegro-advanced-multipurpose-responsive-prestashop-theme",
    "sales": 17,
    "source": "themeforest",
    "title": "Pts Allegro - Advanced Multipurpose Responsive Prestashop Theme",
    "updated_at": "2017-05-04 00:00:00",
    "url": "https://themeforest.net/item/pts-allegro-advanced-multipurpose-responsive-prestashop-theme/19263140?s_rank=516",
    "versions": {}
  },
  {
    "comments": 12,
    "created_at": "2016-09-20 00:00:00",
    "deleted_at": null,
    "name": "pts-nomi-digital-responsive-prestashop-theme",
    "sales": 17,
    "source": "themeforest",
    "title": "Pts Nomi - Digital Responsive Prestashop Theme",
    "updated_at": "2017-06-29 00:00:00",
    "url": "https://themeforest.net/item/pts-nomi-digital-responsive-prestashop-theme/17405361?s_rank=650",
    "versions": {}
  },
  {
    "comments": 10,
    "created_at": "2016-06-08 00:00:00",
    "deleted_at": null,
    "name": "oliver-responsive-prestashop-theme",
    "sales": 17,
    "source": "themeforest",
    "title": "Oliver - Fashion Tshirt, Handbags Responsive Prestashop Theme",
    "updated_at": "2017-09-11 00:00:00",
    "url": "https://themeforest.net/item/oliver-responsive-prestashop-theme/16263957?s_rank=654",
    "versions": {}
  },
  {
    "comments": 8,
    "created_at": "2015-03-04 00:00:00",
    "deleted_at": null,
    "name": "eclipse-responsive-multipurpose-prestashop-theme",
    "sales": 17,
    "source": "themeforest",
    "title": "Eclipse - Digital Store Responsive Prestashop Theme",
    "updated_at": "2017-07-27 00:00:00",
    "url": "https://themeforest.net/item/eclipse-responsive-multipurpose-prestashop-theme/10579715?s_rank=699",
    "versions": {}
  },
  {
    "comments": 23,
    "created_at": "2016-11-13 00:00:00",
    "deleted_at": null,
    "name": "smartiot-corporate-html5-template",
    "sales": 17,
    "source": "themeforest",
    "title": "SmartIOT || Corporate HTML5 Template",
    "updated_at": "2016-12-15 00:00:00",
    "url": "https://themeforest.net/item/smartiot-corporate-html5-template/18665145?s_rank=819",
    "versions": {}
  },
  {
    "comments": 9,
    "created_at": "2014-07-18 00:00:00",
    "deleted_at": null,
    "name": "the-phoenix-psd-template",
    "sales": 17,
    "source": "themeforest",
    "title": "The Phoenix - PSD Template",
    "updated_at": "2014-07-18 00:00:00",
    "url": "https://themeforest.net/item/the-phoenix-psd-template/8294972?s_rank=823",
    "versions": {}
  },
  {
    "comments": 19,
    "created_at": "2017-07-26 00:00:00",
    "deleted_at": null,
    "name": "wine-shop-winery-responsive-prestashop-17-theme",
    "sales": 18,
    "source": "themeforest",
    "title": "Wine Shop - Winery Responsive Prestashop 1.7 Theme",
    "updated_at": "2017-08-31 00:00:00",
    "url": "https://themeforest.net/item/wine-shop-winery-responsive-prestashop-17-theme/20273419?s_rank=142",
    "versions": {}
  },
  {
    "comments": 17,
    "created_at": "2017-06-18 00:00:00",
    "deleted_at": null,
    "name": "bshop-prestashop-fashion-theme",
    "sales": 18,
    "source": "themeforest",
    "title": "BSHOP -  Fashion Prestashop 1.6 & 1.7 Theme",
    "updated_at": "2017-08-16 00:00:00",
    "url": "https://themeforest.net/item/bshop-prestashop-fashion-theme/20023099?s_rank=220",
    "versions": {}
  },
  {
    "comments": 12,
    "created_at": "2016-10-12 00:00:00",
    "deleted_at": null,
    "name": "febshop-responsive-prestashop-store-theme",
    "sales": 18,
    "source": "themeforest",
    "title": "Febshop - Responsive Prestashop Store Theme",
    "updated_at": "2016-10-12 00:00:00",
    "url": "https://themeforest.net/item/febshop-responsive-prestashop-store-theme/18156520?s_rank=339",
    "versions": {}
  },
  {
    "comments": 10,
    "created_at": "2016-12-16 00:00:00",
    "deleted_at": null,
    "name": "leo-melody-responsive-prestashop-theme",
    "sales": 18,
    "source": "themeforest",
    "title": "Leo Melody Responsive Prestashop Theme",
    "updated_at": "2016-12-16 00:00:00",
    "url": "https://themeforest.net/item/leo-melody-responsive-prestashop-theme/18903401?s_rank=352",
    "versions": {}
  },
  {
    "comments": 22,
    "created_at": "2016-10-29 00:00:00",
    "deleted_at": null,
    "name": "jms-goog-responsive-prestashop-theme",
    "sales": 18,
    "source": "themeforest",
    "title": "JMS GooG - Responsive Prestashop Theme",
    "updated_at": "2016-10-29 00:00:00",
    "url": "https://themeforest.net/item/jms-goog-responsive-prestashop-theme/18451536?s_rank=369",
    "versions": {}
  },
  {
    "comments": 9,
    "created_at": "2016-09-07 00:00:00",
    "deleted_at": null,
    "name": "galardo-responsive-fashion-prestashop-theme",
    "sales": 18,
    "source": "themeforest",
    "title": "Galardo - Responsive Fashion Prestashop Theme",
    "updated_at": "2016-09-07 00:00:00",
    "url": "https://themeforest.net/item/galardo-responsive-fashion-prestashop-theme/17803972?s_rank=398",
    "versions": {}
  },
  {
    "comments": 7,
    "created_at": "2016-11-29 00:00:00",
    "deleted_at": null,
    "name": "gym-fitness-responsive-prestashop-theme",
    "sales": 18,
    "source": "themeforest",
    "title": "Gym & Fitness - Responsive Prestashop Theme",
    "updated_at": "2017-09-03 00:00:00",
    "url": "https://themeforest.net/item/gym-fitness-responsive-prestashop-theme/18739843?s_rank=413",
    "versions": {}
  },
  {
    "comments": 14,
    "created_at": "2016-07-26 00:00:00",
    "deleted_at": null,
    "name": "karan-minimal-fashion-prestashop-theme",
    "sales": 18,
    "source": "themeforest",
    "title": "Karan - Minimal Fashion Prestashop Theme",
    "updated_at": "2016-07-26 00:00:00",
    "url": "https://themeforest.net/item/karan-minimal-fashion-prestashop-theme/16823826?s_rank=417",
    "versions": {}
  },
  {
    "comments": 10,
    "created_at": "2017-03-21 00:00:00",
    "deleted_at": null,
    "name": "miracle-advanced-multipurpose-responsive-prestashop-theme",
    "sales": 18,
    "source": "themeforest",
    "title": "Miracle - Advanced Multipurpose Responsive Prestashop Theme",
    "updated_at": "2017-03-21 00:00:00",
    "url": "https://themeforest.net/item/miracle-advanced-multipurpose-responsive-prestashop-theme/19561722?s_rank=419",
    "versions": {}
  },
  {
    "comments": 6,
    "created_at": "2015-10-14 00:00:00",
    "deleted_at": null,
    "name": "leo-universe-responsive-prestashop-theme",
    "sales": 18,
    "source": "themeforest",
    "title": "Leo Universe Responsive Prestashop Theme",
    "updated_at": "2016-07-19 00:00:00",
    "url": "https://themeforest.net/item/leo-universe-responsive-prestashop-theme/13114713?s_rank=501",
    "versions": {}
  },
  {
    "comments": 10,
    "created_at": "2015-11-26 00:00:00",
    "deleted_at": null,
    "name": "leo-bazic-responsive-prestashop-theme",
    "sales": 18,
    "source": "themeforest",
    "title": "Leo Bazic Responsive Prestashop Theme",
    "updated_at": "2016-07-18 00:00:00",
    "url": "https://themeforest.net/item/leo-bazic-responsive-prestashop-theme/13690269?s_rank=561",
    "versions": {}
  },
  {
    "comments": 12,
    "created_at": "2016-06-03 00:00:00",
    "deleted_at": null,
    "name": "pts-beat-advanced-multipurpose-responsive-prestashop-theme",
    "sales": 18,
    "source": "themeforest",
    "title": "Pts Beat - Advanced Multipurpose Responsive Prestashop Theme",
    "updated_at": "2017-07-05 00:00:00",
    "url": "https://themeforest.net/item/pts-beat-advanced-multipurpose-responsive-prestashop-theme/16215926?s_rank=638",
    "versions": {}
  },
  {
    "comments": 11,
    "created_at": "2016-09-13 00:00:00",
    "deleted_at": null,
    "name": "focus-responsive-prestashop-theme",
    "sales": 18,
    "source": "themeforest",
    "title": "Focus - T-shirts Shop Responsive Prestashop Theme",
    "updated_at": "2017-08-02 00:00:00",
    "url": "https://themeforest.net/item/focus-responsive-prestashop-theme/17532982?s_rank=655",
    "versions": {}
  },
  {
    "comments": 11,
    "created_at": "2016-05-06 00:00:00",
    "deleted_at": null,
    "name": "rando-responsive-prestashop-theme",
    "sales": 18,
    "source": "themeforest",
    "title": "Rando - Shopping & Accessories Responsive Prestashop Theme",
    "updated_at": "2017-09-11 00:00:00",
    "url": "https://themeforest.net/item/rando-responsive-prestashop-theme/15786403?s_rank=669",
    "versions": {}
  },
  {
    "comments": 6,
    "created_at": "2017-04-20 00:00:00",
    "deleted_at": null,
    "name": "bridal-responsive-html5-template",
    "sales": 18,
    "source": "themeforest",
    "title": "Bridal - Responsive HTML5 Template",
    "updated_at": "2017-04-28 00:00:00",
    "url": "https://themeforest.net/item/bridal-responsive-html5-template/19804515?s_rank=770",
    "versions": {}
  },
  {
    "comments": 6,
    "created_at": "2016-09-29 00:00:00",
    "deleted_at": null,
    "name": "dance-general-market-store-html-template-with-bootstrap-3-and-jquery",
    "sales": 18,
    "source": "themeforest",
    "title": "Dance General Market Store HTML Template with Bootstrap 3 and jQuery",
    "updated_at": "2016-09-29 00:00:00",
    "url": "https://themeforest.net/item/dance-general-market-store-html-template-with-bootstrap-3-and-jquery/18094549?s_rank=821",
    "versions": {}
  },
  {
    "comments": 10,
    "created_at": "2016-04-24 00:00:00",
    "deleted_at": null,
    "name": "platinum-stylish-ecommerce-psd-template-for-fashion",
    "sales": 18,
    "source": "themeforest",
    "title": "Platinum - Stylish ecommerce PSD Template for Fashion",
    "updated_at": "2016-04-24 00:00:00",
    "url": "https://themeforest.net/item/platinum-stylish-ecommerce-psd-template-for-fashion/15764366?s_rank=827",
    "versions": {}
  },
  {
    "comments": 17,
    "created_at": "2016-09-10 00:00:00",
    "deleted_at": null,
    "name": "orise-responsive-prestashop-theme",
    "sales": 19,
    "source": "themeforest",
    "title": "Orise Responsive Prestashop Theme",
    "updated_at": "2016-09-11 00:00:00",
    "url": "https://themeforest.net/item/orise-responsive-prestashop-theme/17535120?s_rank=228",
    "versions": {}
  },
  {
    "comments": 5,
    "created_at": "2016-07-19 00:00:00",
    "deleted_at": null,
    "name": "arise-responsive-prestashop-theme",
    "sales": 19,
    "source": "themeforest",
    "title": "Arise - Responsive Prestashop Theme",
    "updated_at": "2016-07-19 00:00:00",
    "url": "https://themeforest.net/item/arise-responsive-prestashop-theme/17137192?s_rank=234",
    "versions": {}
  },
  {
    "comments": 10,
    "created_at": "2017-06-10 00:00:00",
    "deleted_at": null,
    "name": "banaza-shopping-responsive-prestashop-17-theme",
    "sales": 19,
    "source": "themeforest",
    "title": "Banaza - Shopping Responsive Prestashop 1.7 Theme",
    "updated_at": "2017-09-06 00:00:00",
    "url": "https://themeforest.net/item/banaza-shopping-responsive-prestashop-17-theme/19926947?s_rank=285",
    "versions": {}
  },
  {
    "comments": 7,
    "created_at": "2016-09-09 00:00:00",
    "deleted_at": null,
    "name": "leo-fellow-responsive-prestashop-theme",
    "sales": 19,
    "source": "themeforest",
    "title": "Leo Fellow Responsive Prestashop Theme",
    "updated_at": "2016-09-09 00:00:00",
    "url": "https://themeforest.net/item/leo-fellow-responsive-prestashop-theme/17510152?s_rank=373",
    "versions": {}
  },
  {
    "comments": 27,
    "created_at": "2014-08-14 00:00:00",
    "deleted_at": null,
    "name": "shopcrown-responsive-prestashop-theme",
    "sales": 19,
    "source": "themeforest",
    "title": "Shopcrown - Responsive Prestashop Theme",
    "updated_at": "2014-08-14 00:00:00",
    "url": "https://themeforest.net/item/shopcrown-responsive-prestashop-theme/8562689?s_rank=385",
    "versions": {}
  },
  {
    "comments": 10,
    "created_at": "2016-10-20 00:00:00",
    "deleted_at": null,
    "name": "leo-minimal-responsive-prestashop-theme",
    "sales": 19,
    "source": "themeforest",
    "title": "Leo Minimal Responsive Prestashop Theme",
    "updated_at": "2016-10-20 00:00:00",
    "url": "https://themeforest.net/item/leo-minimal-responsive-prestashop-theme/18328941?s_rank=408",
    "versions": {}
  },
  {
    "comments": 16,
    "created_at": "2017-03-24 00:00:00",
    "deleted_at": null,
    "name": "alexa-mega-store-responsive-prestashop-theme",
    "sales": 19,
    "source": "themeforest",
    "title": "Alexa - Mega Store Responsive Prestashop Theme",
    "updated_at": "2017-03-24 00:00:00",
    "url": "https://themeforest.net/item/alexa-mega-store-responsive-prestashop-theme/19648039?s_rank=455",
    "versions": {}
  },
  {
    "comments": 4,
    "created_at": "2016-08-09 00:00:00",
    "deleted_at": null,
    "name": "chicago-responsive-prestashop-theme",
    "sales": 19,
    "source": "themeforest",
    "title": "Chicago - Fashion Responsive Prestashop Theme",
    "updated_at": "2017-09-10 00:00:00",
    "url": "https://themeforest.net/item/chicago-responsive-prestashop-theme/16993250?s_rank=475",
    "versions": {}
  },
  {
    "comments": 14,
    "created_at": "2015-10-16 00:00:00",
    "deleted_at": null,
    "name": "jms-cosyone-multipurpose-prestashop-theme",
    "sales": 19,
    "source": "themeforest",
    "title": "JMS Cosyone - Multipurpose Prestashop Theme",
    "updated_at": "2015-10-16 00:00:00",
    "url": "https://themeforest.net/item/jms-cosyone-multipurpose-prestashop-theme/13178670?s_rank=552",
    "versions": {}
  },
  {
    "comments": null,
    "created_at": "2013-12-03 00:00:00",
    "deleted_at": null,
    "name": "bag-shop-prestashop-responsive-theme",
    "sales": 19,
    "source": "themeforest",
    "title": "Bag Shop - Prestashop Responsive Theme",
    "updated_at": "2015-12-06 00:00:00",
    "url": "https://themeforest.net/item/bag-shop-prestashop-responsive-theme/6269144?s_rank=643",
    "versions": {}
  },
  {
    "comments": 11,
    "created_at": "2016-04-09 00:00:00",
    "deleted_at": null,
    "name": "sobie-fashion-shop-prestashop-theme-with-blog",
    "sales": 19,
    "source": "themeforest",
    "title": "Sobie - Fashion Shop Prestashop Theme with Blog",
    "updated_at": "2016-04-27 00:00:00",
    "url": "https://themeforest.net/item/sobie-fashion-shop-prestashop-theme-with-blog/15528784?s_rank=663",
    "versions": {}
  },
  {
    "comments": 9,
    "created_at": "2015-09-13 00:00:00",
    "deleted_at": null,
    "name": "moos-watches-store-responsive-prestashop-theme",
    "sales": 19,
    "source": "themeforest",
    "title": "Moos - Watches Store Responsive Prestashop Theme",
    "updated_at": "2015-09-13 00:00:00",
    "url": "https://themeforest.net/item/moos-watches-store-responsive-prestashop-theme/12787261?s_rank=679",
    "versions": {}
  },
  {
    "comments": 6,
    "created_at": "2016-04-05 00:00:00",
    "deleted_at": null,
    "name": "sophia-responsive-prestashop-theme",
    "sales": 19,
    "source": "themeforest",
    "title": "Sophia - Fashion Clothes, Dress Responsive Prestashop Theme",
    "updated_at": "2017-09-08 00:00:00",
    "url": "https://themeforest.net/item/sophia-responsive-prestashop-theme/15369834?s_rank=680",
    "versions": {}
  },
  {
    "comments": 20,
    "created_at": "2017-07-03 00:00:00",
    "deleted_at": null,
    "name": "super-shop-market-store-responsive-woocommerce-wordpress-theme",
    "sales": 19,
    "source": "themeforest",
    "title": "Super Shop - Market Store RTL Responsive WooCommerce WordPress Theme",
    "updated_at": "2017-08-05 00:00:00",
    "url": "https://themeforest.net/item/super-shop-market-store-responsive-woocommerce-wordpress-theme/20102142?s_rank=780",
    "versions": {}
  },
  {
    "comments": 10,
    "created_at": "2016-03-10 00:00:00",
    "deleted_at": null,
    "name": "coco-responsive-prestashop-theme",
    "sales": 20,
    "source": "themeforest",
    "title": "Coco Responsive Prestashop Theme",
    "updated_at": "2016-03-12 00:00:00",
    "url": "https://themeforest.net/item/coco-responsive-prestashop-theme/15171251?s_rank=277",
    "versions": {}
  },
  {
    "comments": 24,
    "created_at": "2016-12-08 00:00:00",
    "deleted_at": null,
    "name": "ap-mina-responsive-prestashop-theme",
    "sales": 20,
    "source": "themeforest",
    "title": "Ap Mina Responsive Prestashop Theme",
    "updated_at": "2017-08-11 00:00:00",
    "url": "https://themeforest.net/item/ap-mina-responsive-prestashop-theme/18977288?s_rank=302",
    "versions": {}
  },
  {
    "comments": 12,
    "created_at": "2017-01-27 00:00:00",
    "deleted_at": null,
    "name": "liberty-responsive-prestashop-theme",
    "sales": 20,
    "source": "themeforest",
    "title": "Liberty - Shopping Responsive Prestashop Theme",
    "updated_at": "2017-09-05 00:00:00",
    "url": "https://themeforest.net/item/liberty-responsive-prestashop-theme/19342875?s_rank=303",
    "versions": {}
  },
  {
    "comments": 9,
    "created_at": "2016-11-10 00:00:00",
    "deleted_at": null,
    "name": "jms-cronus-responsive-prestashop-theme",
    "sales": 20,
    "source": "themeforest",
    "title": "JMS Cronus - Responsive Prestashop Theme",
    "updated_at": "2016-11-10 00:00:00",
    "url": "https://themeforest.net/item/jms-cronus-responsive-prestashop-theme/18596214?s_rank=386",
    "versions": {}
  },
  {
    "comments": 15,
    "created_at": "2017-04-21 00:00:00",
    "deleted_at": null,
    "name": "conda-responsive-prestashop-17-theme",
    "sales": 20,
    "source": "themeforest",
    "title": "Conda - Shopping Responsive Prestashop 1.7 Theme",
    "updated_at": "2017-09-06 00:00:00",
    "url": "https://themeforest.net/item/conda-responsive-prestashop-17-theme/19725521?s_rank=427",
    "versions": {}
  },
  {
    "comments": 8,
    "created_at": "2016-08-31 00:00:00",
    "deleted_at": null,
    "name": "koala-responsive-prestashop-theme",
    "sales": 20,
    "source": "themeforest",
    "title": "Koala - Fashion Responsive Prestashop Theme",
    "updated_at": "2017-09-08 00:00:00",
    "url": "https://themeforest.net/item/koala-responsive-prestashop-theme/17420482?s_rank=438",
    "versions": {}
  },
  {
    "comments": 9,
    "created_at": "2016-05-27 00:00:00",
    "deleted_at": null,
    "name": "sayja-multipurpose-responsive-prestashop-theme",
    "sales": 20,
    "source": "themeforest",
    "title": "Sayja - Multipurpose Responsive Prestashop Theme",
    "updated_at": "2016-05-27 00:00:00",
    "url": "https://themeforest.net/item/sayja-multipurpose-responsive-prestashop-theme/16148986?s_rank=444",
    "versions": {}
  },
  {
    "comments": 7,
    "created_at": "2016-05-20 00:00:00",
    "deleted_at": null,
    "name": "bizstore-responsive-premium-prestashop-theme",
    "sales": 20,
    "source": "themeforest",
    "title": "Bizstore - Responsive Premium Prestashop Theme",
    "updated_at": "2017-02-04 00:00:00",
    "url": "https://themeforest.net/item/bizstore-responsive-premium-prestashop-theme/15982462?s_rank=483",
    "versions": {}
  },
  {
    "comments": 11,
    "created_at": "2016-03-08 00:00:00",
    "deleted_at": null,
    "name": "maian-fashion-shop-prestashop-theme",
    "sales": 20,
    "source": "themeforest",
    "title": "Maian - Fashion Shop Prestashop Theme",
    "updated_at": "2016-09-17 00:00:00",
    "url": "https://themeforest.net/item/maian-fashion-shop-prestashop-theme/15121750?s_rank=522",
    "versions": {}
  },
  {
    "comments": 16,
    "created_at": "2015-04-10 00:00:00",
    "deleted_at": null,
    "name": "jekyler-multipurpose-responsive-prestashop-theme",
    "sales": 20,
    "source": "themeforest",
    "title": "Jekyler - Multipurpose Responsive PrestaShop Theme",
    "updated_at": "2015-04-10 00:00:00",
    "url": "https://themeforest.net/item/jekyler-multipurpose-responsive-prestashop-theme/11063279?s_rank=583",
    "versions": {}
  },
  {
    "comments": 8,
    "created_at": "2016-07-02 00:00:00",
    "deleted_at": null,
    "name": "leo-rojo-crown-responsive-prestashop-theme",
    "sales": 20,
    "source": "themeforest",
    "title": "Leo Rojo Crown Responsive Prestashop Theme",
    "updated_at": "2016-07-02 00:00:00",
    "url": "https://themeforest.net/item/leo-rojo-crown-responsive-prestashop-theme/16536074?s_rank=648",
    "versions": {}
  },
  {
    "comments": 16,
    "created_at": "2016-02-23 00:00:00",
    "deleted_at": null,
    "name": "pts-nesta-multipurposes-prestashop-theme",
    "sales": 20,
    "source": "themeforest",
    "title": "Pts Nesta - Multi-purposes Prestashop theme",
    "updated_at": "2017-08-05 00:00:00",
    "url": "https://themeforest.net/item/pts-nesta-multipurposes-prestashop-theme/14756266?s_rank=671",
    "versions": {}
  },
  {
    "comments": 11,
    "created_at": "2015-10-17 00:00:00",
    "deleted_at": null,
    "name": "ecom-responsive-ecommerce-html-template",
    "sales": 20,
    "source": "themeforest",
    "title": "Ecom - Responsive eCommerce HTML Template",
    "updated_at": "2015-10-17 00:00:00",
    "url": "https://themeforest.net/item/ecom-responsive-ecommerce-html-template/12997821?s_rank=741",
    "versions": {}
  },
  {
    "comments": 10,
    "created_at": "2016-06-14 00:00:00",
    "deleted_at": null,
    "name": "ravish-multiconcept-ecommerce-template",
    "sales": 20,
    "source": "themeforest",
    "title": "RAVISH - MultiConcept eCommerce Template",
    "updated_at": "2016-06-14 00:00:00",
    "url": "https://themeforest.net/item/ravish-multiconcept-ecommerce-template/16357305?s_rank=798",
    "versions": {}
  },
  {
    "comments": 19,
    "created_at": "2016-04-01 00:00:00",
    "deleted_at": null,
    "name": "jakiro-fashion-shop-virtuemart-template",
    "sales": 20,
    "source": "themeforest",
    "title": "Jakiro - Fashion Shop Virtuemart Template",
    "updated_at": "2016-08-30 00:00:00",
    "url": "https://themeforest.net/item/jakiro-fashion-shop-virtuemart-template/15409744?s_rank=829",
    "versions": {}
  },
  {
    "comments": 18,
    "created_at": "2017-07-11 00:00:00",
    "deleted_at": null,
    "name": "aboss-responsive-prestashop-theme",
    "sales": 21,
    "source": "themeforest",
    "title": "Aboss - Responsive Prestashop Theme",
    "updated_at": "2017-07-13 00:00:00",
    "url": "https://themeforest.net/item/aboss-responsive-prestashop-theme/20307897?s_rank=6",
    "versions": {}
  },
  {
    "comments": 13,
    "created_at": "2017-08-15 00:00:00",
    "deleted_at": null,
    "name": "digimart-prestashop-17-theme-for-digital-template",
    "sales": 21,
    "source": "themeforest",
    "title": "Digimart - Facilitate Responsive PrestaShop 1.7 Theme For Digital Template",
    "updated_at": "2017-09-13 00:00:00",
    "url": "https://themeforest.net/item/digimart-prestashop-17-theme-for-digital-template/20328469?s_rank=106",
    "versions": {}
  },
  {
    "comments": 11,
    "created_at": "2017-04-22 00:00:00",
    "deleted_at": null,
    "name": "grand-responsive-furniture-prestashop-theme",
    "sales": 21,
    "source": "themeforest",
    "title": "Grand - Responsive Furniture Prestashop Theme",
    "updated_at": "2017-04-22 00:00:00",
    "url": "https://themeforest.net/item/grand-responsive-furniture-prestashop-theme/19811811?s_rank=150",
    "versions": {}
  },
  {
    "comments": 13,
    "created_at": "2017-04-04 00:00:00",
    "deleted_at": null,
    "name": "elly-multipurpose-responsive-prestashop-theme",
    "sales": 21,
    "source": "themeforest",
    "title": "Elly - Multipurpose Responsive Prestashop Theme",
    "updated_at": "2017-04-04 00:00:00",
    "url": "https://themeforest.net/item/elly-multipurpose-responsive-prestashop-theme/19704932?s_rank=171",
    "versions": {}
  },
  {
    "comments": 10,
    "created_at": "2016-09-30 00:00:00",
    "deleted_at": null,
    "name": "voisen-responsive-prestashop-theme",
    "sales": 21,
    "source": "themeforest",
    "title": "Voisen Responsive Prestashop Theme",
    "updated_at": "2016-10-01 00:00:00",
    "url": "https://themeforest.net/item/voisen-responsive-prestashop-theme/17801272?s_rank=187",
    "versions": {}
  },
  {
    "comments": 15,
    "created_at": "2017-04-25 00:00:00",
    "deleted_at": null,
    "name": "cr7-responsive-prestashop-16-17-theme",
    "sales": 21,
    "source": "themeforest",
    "title": "Cr7 Responsive Prestashop 1.6, 1.7  Theme",
    "updated_at": "2017-04-25 00:00:00",
    "url": "https://themeforest.net/item/cr7-responsive-prestashop-16-17-theme/19732029?s_rank=306",
    "versions": {}
  },
  {
    "comments": 6,
    "created_at": "2016-09-30 00:00:00",
    "deleted_at": null,
    "name": "valentino-responsive-fashion-prestashop-theme",
    "sales": 21,
    "source": "themeforest",
    "title": "Valentino - Responsive Fashion Prestashop Theme",
    "updated_at": "2016-12-01 00:00:00",
    "url": "https://themeforest.net/item/valentino-responsive-fashion-prestashop-theme/17826612?s_rank=362",
    "versions": {}
  },
  {
    "comments": 8,
    "created_at": "2013-12-10 00:00:00",
    "deleted_at": null,
    "name": "leo-asenti-prestashop-theme",
    "sales": 21,
    "source": "themeforest",
    "title": "Leo Asenti Prestashop Theme",
    "updated_at": "2017-06-16 00:00:00",
    "url": "https://themeforest.net/item/leo-asenti-prestashop-theme/6365139?s_rank=363",
    "versions": {}
  },
  {
    "comments": 7,
    "created_at": "2015-08-04 00:00:00",
    "deleted_at": null,
    "name": "leo-computer-responsive-prestashop-theme",
    "sales": 21,
    "source": "themeforest",
    "title": "Leo Computer Responsive Prestashop Theme",
    "updated_at": "2016-07-19 00:00:00",
    "url": "https://themeforest.net/item/leo-computer-responsive-prestashop-theme/12250759?s_rank=568",
    "versions": {}
  },
  {
    "comments": 7,
    "created_at": "2015-05-28 00:00:00",
    "deleted_at": null,
    "name": "wendy-multipurpose-responsive-prestashop-theme",
    "sales": 21,
    "source": "themeforest",
    "title": "Wendy - Multipurpose Responsive Prestashop Theme",
    "updated_at": "2015-05-28 00:00:00",
    "url": "https://themeforest.net/item/wendy-multipurpose-responsive-prestashop-theme/11571742?s_rank=589",
    "versions": {}
  },
  {
    "comments": 5,
    "created_at": "2016-06-21 00:00:00",
    "deleted_at": null,
    "name": "anivia-responsive-prestashop-theme",
    "sales": 21,
    "source": "themeforest",
    "title": "Anivia - Shopping Sports, Shoes Responsive Prestashop Theme",
    "updated_at": "2017-09-10 00:00:00",
    "url": "https://themeforest.net/item/anivia-responsive-prestashop-theme/16447570?s_rank=625",
    "versions": {}
  },
  {
    "comments": 7,
    "created_at": "2016-06-11 00:00:00",
    "deleted_at": null,
    "name": "flashshop-responsive-prestashop-theme-for-digital-store",
    "sales": 21,
    "source": "themeforest",
    "title": "FlashShop - Responsive Prestashop Theme for Digital Store",
    "updated_at": "2017-07-05 00:00:00",
    "url": "https://themeforest.net/item/flashshop-responsive-prestashop-theme-for-digital-store/15850155?s_rank=649",
    "versions": {}
  },
  {
    "comments": 8,
    "created_at": "2017-05-21 00:00:00",
    "deleted_at": null,
    "name": "auray-ecommerce-psd-template",
    "sales": 21,
    "source": "themeforest",
    "title": "Auray - eCommerce PSD Template",
    "updated_at": "2017-06-10 00:00:00",
    "url": "https://themeforest.net/item/auray-ecommerce-psd-template/19751094?s_rank=792",
    "versions": {}
  },
  {
    "comments": 8,
    "created_at": "2016-06-28 00:00:00",
    "deleted_at": null,
    "name": "lucian-responsive-prestashop-theme",
    "sales": 22,
    "source": "themeforest",
    "title": "Lucian - Responsive Prestashop Theme",
    "updated_at": "2016-06-28 00:00:00",
    "url": "https://themeforest.net/item/lucian-responsive-prestashop-theme/16536686?s_rank=202",
    "versions": {}
  },
  {
    "comments": 11,
    "created_at": "2015-11-27 00:00:00",
    "deleted_at": null,
    "name": "nastcreative-multipurpose-responsive-prestashop-",
    "sales": 22,
    "source": "themeforest",
    "title": "NastCreative - Multipurpose Responsive PrestaShop ",
    "updated_at": "2015-11-27 00:00:00",
    "url": "https://themeforest.net/item/nastcreative-multipurpose-responsive-prestashop-/13667798?s_rank=297",
    "versions": {}
  },
  {
    "comments": 8,
    "created_at": "2015-11-04 00:00:00",
    "deleted_at": null,
    "name": "leo-mochi-prestashop-theme",
    "sales": 22,
    "source": "themeforest",
    "title": "Leo Mochi Prestashop Theme",
    "updated_at": "2016-07-14 00:00:00",
    "url": "https://themeforest.net/item/leo-mochi-prestashop-theme/13317215?s_rank=323",
    "versions": {}
  },
  {
    "comments": 18,
    "created_at": "2017-05-18 00:00:00",
    "deleted_at": null,
    "name": "medicine-pharmacy-responsive-prestashop-17-theme",
    "sales": 22,
    "source": "themeforest",
    "title": "Medicine - Pharmacy Responsive Prestashop 1.7 Theme",
    "updated_at": "2017-09-06 00:00:00",
    "url": "https://themeforest.net/item/medicine-pharmacy-responsive-prestashop-17-theme/19787172?s_rank=338",
    "versions": {}
  },
  {
    "comments": 13,
    "created_at": "2017-04-11 00:00:00",
    "deleted_at": null,
    "name": "gato-fashion-responsive-prestashop-17-theme",
    "sales": 22,
    "source": "themeforest",
    "title": "Gato - Tshirt Shop Responsive Prestashop 1.7 Theme",
    "updated_at": "2017-09-06 00:00:00",
    "url": "https://themeforest.net/item/gato-fashion-responsive-prestashop-17-theme/19652974?s_rank=342",
    "versions": {}
  },
  {
    "comments": 9,
    "created_at": "2016-09-10 00:00:00",
    "deleted_at": null,
    "name": "jms-furniture-responsive-prestashop-theme",
    "sales": 22,
    "source": "themeforest",
    "title": "JMS Furniture - Responsive Prestashop Theme",
    "updated_at": "2016-09-10 00:00:00",
    "url": "https://themeforest.net/item/jms-furniture-responsive-prestashop-theme/17522977?s_rank=422",
    "versions": {}
  },
  {
    "comments": 8,
    "created_at": "2015-10-31 00:00:00",
    "deleted_at": null,
    "name": "ganzy-furniture-prestashop-theme-with-blog",
    "sales": 22,
    "source": "themeforest",
    "title": "Ganzy -  Furniture Prestashop Theme with Blog",
    "updated_at": "2016-04-27 00:00:00",
    "url": "https://themeforest.net/item/ganzy-furniture-prestashop-theme-with-blog/13353231?s_rank=537",
    "versions": {}
  },
  {
    "comments": 11,
    "created_at": "2016-06-18 00:00:00",
    "deleted_at": null,
    "name": "goshop-multi-purpose-ecommerce-responsive-prestashop-theme",
    "sales": 22,
    "source": "themeforest",
    "title": "GoShop - Multi Purpose eCommerce Responsive PrestaShop Theme",
    "updated_at": "2016-10-16 00:00:00",
    "url": "https://themeforest.net/item/goshop-multi-purpose-ecommerce-responsive-prestashop-theme/16383544?s_rank=563",
    "versions": {}
  },
  {
    "comments": 12,
    "created_at": "2016-10-21 00:00:00",
    "deleted_at": null,
    "name": "cotto-responsive-prestashop-theme",
    "sales": 22,
    "source": "themeforest",
    "title": "Cotto - Bike Store Responsive Prestashop Theme",
    "updated_at": "2017-09-03 00:00:00",
    "url": "https://themeforest.net/item/cotto-responsive-prestashop-theme/18348677?s_rank=620",
    "versions": {}
  },
  {
    "comments": 14,
    "created_at": "2016-08-04 00:00:00",
    "deleted_at": null,
    "name": "pts-liftsupply-powerful-multipurpose-prestashop-theme",
    "sales": 22,
    "source": "themeforest",
    "title": "Pts Liftsupply - Powerful multipurpose Prestashop theme",
    "updated_at": "2017-06-30 00:00:00",
    "url": "https://themeforest.net/item/pts-liftsupply-powerful-multipurpose-prestashop-theme/16854179?s_rank=627",
    "versions": {}
  },
  {
    "comments": 14,
    "created_at": "2017-05-09 00:00:00",
    "deleted_at": null,
    "name": "at-o2-responsive-multiple-prestashop-theme",
    "sales": 23,
    "source": "themeforest",
    "title": "At o2 Responsive Multiple Prestashop Theme",
    "updated_at": "2017-08-22 00:00:00",
    "url": "https://themeforest.net/item/at-o2-responsive-multiple-prestashop-theme/19828862?s_rank=74",
    "versions": {}
  },
  {
    "comments": 14,
    "created_at": "2016-10-18 00:00:00",
    "deleted_at": null,
    "name": "unicase-responsive-prestashop-theme",
    "sales": 23,
    "source": "themeforest",
    "title": "Unicase  Responsive Prestashop Theme",
    "updated_at": "2016-10-18 00:00:00",
    "url": "https://themeforest.net/item/unicase-responsive-prestashop-theme/17729258?s_rank=116",
    "versions": {}
  },
  {
    "comments": 13,
    "created_at": "2017-03-03 00:00:00",
    "deleted_at": null,
    "name": "raavin-shoes-responsive-prestashop-theme",
    "sales": 23,
    "source": "themeforest",
    "title": "Raavin - Shoes Responsive Prestashop Theme",
    "updated_at": "2017-03-03 00:00:00",
    "url": "https://themeforest.net/item/raavin-shoes-responsive-prestashop-theme/19538786?s_rank=190",
    "versions": {}
  },
  {
    "comments": 12,
    "created_at": "2016-12-21 00:00:00",
    "deleted_at": null,
    "name": "shoes-store-responsive-prestashop-theme",
    "sales": 23,
    "source": "themeforest",
    "title": "Shoes Store - Responsive Prestashop Theme",
    "updated_at": "2017-09-03 00:00:00",
    "url": "https://themeforest.net/item/shoes-store-responsive-prestashop-theme/19165659?s_rank=229",
    "versions": {}
  },
  {
    "comments": 16,
    "created_at": "2015-02-06 00:00:00",
    "deleted_at": null,
    "name": "aquacart-responsive-prestashop-theme",
    "sales": 23,
    "source": "themeforest",
    "title": "AquaCart - Responsive PrestaShop Theme",
    "updated_at": "2015-05-15 00:00:00",
    "url": "https://themeforest.net/item/aquacart-responsive-prestashop-theme/10228004?s_rank=262",
    "versions": {}
  },
  {
    "comments": 18,
    "created_at": "2016-09-03 00:00:00",
    "deleted_at": null,
    "name": "elmart-suppermarket-responsive-prestashop-theme",
    "sales": 23,
    "source": "themeforest",
    "title": "Elmart - Suppermarket Responsive Prestashop Theme",
    "updated_at": "2016-09-03 00:00:00",
    "url": "https://themeforest.net/item/elmart-suppermarket-responsive-prestashop-theme/17168812?s_rank=360",
    "versions": {}
  },
  {
    "comments": 9,
    "created_at": "2016-08-09 00:00:00",
    "deleted_at": null,
    "name": "genius-multipurpose-responsive-prestashop-theme",
    "sales": 23,
    "source": "themeforest",
    "title": "Genius - Multipurpose Responsive Prestashop Theme",
    "updated_at": "2016-08-09 00:00:00",
    "url": "https://themeforest.net/item/genius-multipurpose-responsive-prestashop-theme/17042453?s_rank=375",
    "versions": {}
  },
  {
    "comments": 11,
    "created_at": "2016-10-11 00:00:00",
    "deleted_at": null,
    "name": "the-space-minimalist-clean-responsive-prestashop-theme",
    "sales": 23,
    "source": "themeforest",
    "title": "The Space - Minimalist, Clean, Responsive Prestashop Theme",
    "updated_at": "2016-12-03 00:00:00",
    "url": "https://themeforest.net/item/the-space-minimalist-clean-responsive-prestashop-theme/17908518?s_rank=606",
    "versions": {}
  },
  {
    "comments": 6,
    "created_at": "2016-07-20 00:00:00",
    "deleted_at": null,
    "name": "capital-responsive-prestashop-theme",
    "sales": 23,
    "source": "themeforest",
    "title": "Capital - Handmade Shop Responsive Prestashop Theme",
    "updated_at": "2017-09-08 00:00:00",
    "url": "https://themeforest.net/item/capital-responsive-prestashop-theme/16635315?s_rank=637",
    "versions": {}
  },
  {
    "comments": 12,
    "created_at": "2017-05-17 00:00:00",
    "deleted_at": null,
    "name": "rab-fashion-ecommerce-html5-template",
    "sales": 23,
    "source": "themeforest",
    "title": "RAB - Fashion eCommerce HTML5 Template",
    "updated_at": "2017-08-02 00:00:00",
    "url": "https://themeforest.net/item/rab-fashion-ecommerce-html5-template/19890008?s_rank=789",
    "versions": {}
  },
  {
    "comments": 15,
    "created_at": "2017-06-03 00:00:00",
    "deleted_at": null,
    "name": "ethan-responsive-prestashop-16-theme",
    "sales": 24,
    "source": "themeforest",
    "title": "Ethan Responsive Prestashop 1.6, 1.7  Theme",
    "updated_at": "2017-06-05 00:00:00",
    "url": "https://themeforest.net/item/ethan-responsive-prestashop-16-theme/19964075?s_rank=273",
    "versions": {}
  },
  {
    "comments": 8,
    "created_at": "2015-07-03 00:00:00",
    "deleted_at": null,
    "name": "stowear-multipurpose-prestashop-theme",
    "sales": 24,
    "source": "themeforest",
    "title": "Stowear - Multipurpose PrestaShop Theme",
    "updated_at": "2015-11-24 00:00:00",
    "url": "https://themeforest.net/item/stowear-multipurpose-prestashop-theme/11891862?s_rank=278",
    "versions": {}
  },
  {
    "comments": 8,
    "created_at": "2016-12-13 00:00:00",
    "deleted_at": null,
    "name": "panama-responsive-prestashop-theme",
    "sales": 24,
    "source": "themeforest",
    "title": "Panama - Fashion Responsive Prestashop Theme",
    "updated_at": "2017-09-03 00:00:00",
    "url": "https://themeforest.net/item/panama-responsive-prestashop-theme/18933814?s_rank=334",
    "versions": {}
  },
  {
    "comments": 10,
    "created_at": "2016-11-24 00:00:00",
    "deleted_at": null,
    "name": "monaco-responsive-prestashop-theme",
    "sales": 24,
    "source": "themeforest",
    "title": "Monaco - Fashion Responsive Prestashop Theme",
    "updated_at": "2017-09-03 00:00:00",
    "url": "https://themeforest.net/item/monaco-responsive-prestashop-theme/18844078?s_rank=350",
    "versions": {}
  },
  {
    "comments": 14,
    "created_at": "2016-09-28 00:00:00",
    "deleted_at": null,
    "name": "leo-jka-responsive-prestashop-theme",
    "sales": 24,
    "source": "themeforest",
    "title": "Leo Jka Responsive Prestashop Theme",
    "updated_at": "2017-08-23 00:00:00",
    "url": "https://themeforest.net/item/leo-jka-responsive-prestashop-theme/17774621?s_rank=358",
    "versions": {}
  },
  {
    "comments": 8,
    "created_at": "2015-12-08 00:00:00",
    "deleted_at": null,
    "name": "zeiran-multipurpose-responsive-prestashop-theme",
    "sales": 24,
    "source": "themeforest",
    "title": "Zeiran - Multipurpose Responsive Prestashop Theme",
    "updated_at": "2015-12-08 00:00:00",
    "url": "https://themeforest.net/item/zeiran-multipurpose-responsive-prestashop-theme/13837454?s_rank=392",
    "versions": {}
  },
  {
    "comments": 7,
    "created_at": "2016-09-23 00:00:00",
    "deleted_at": null,
    "name": "kidshop-responsive-prestashop-theme",
    "sales": 24,
    "source": "themeforest",
    "title": "Kids Shop - Responsive Prestashop Theme",
    "updated_at": "2017-08-02 00:00:00",
    "url": "https://themeforest.net/item/kidshop-responsive-prestashop-theme/17728597?s_rank=394",
    "versions": {}
  },
  {
    "comments": 10,
    "created_at": "2015-02-24 00:00:00",
    "deleted_at": null,
    "name": "lamby-responsive-multipurpose-prestashop-theme",
    "sales": 24,
    "source": "themeforest",
    "title": "Lamby - Responsive Multipurpose Prestashop Theme",
    "updated_at": "2017-07-27 00:00:00",
    "url": "https://themeforest.net/item/lamby-responsive-multipurpose-prestashop-theme/10461434?s_rank=535",
    "versions": {}
  },
  {
    "comments": 12,
    "created_at": "2016-08-24 00:00:00",
    "deleted_at": null,
    "name": "widmex-multipurpose-premium-responsive-prestashop-theme",
    "sales": 24,
    "source": "themeforest",
    "title": "Widmex - Multi-Purpose Premium Responsive Prestashop Theme",
    "updated_at": "2017-02-04 00:00:00",
    "url": "https://themeforest.net/item/widmex-multipurpose-premium-responsive-prestashop-theme/17350530?s_rank=608",
    "versions": {}
  },
  {
    "comments": 16,
    "created_at": "2016-05-25 00:00:00",
    "deleted_at": null,
    "name": "sassy-girl-women-online-shop-theme-for-prestashop",
    "sales": 24,
    "source": "themeforest",
    "title": "Sassy Girl - Women Online Shop Theme for Prestashop",
    "updated_at": "2016-05-25 00:00:00",
    "url": "https://themeforest.net/item/sassy-girl-women-online-shop-theme-for-prestashop/16078964?s_rank=610",
    "versions": {}
  },
  {
    "comments": 12,
    "created_at": "2016-08-30 00:00:00",
    "deleted_at": null,
    "name": "aruna-responsive-prestashop-theme",
    "sales": 24,
    "source": "themeforest",
    "title": "Aruna - Shopping Housewares Responsive Prestashop Theme",
    "updated_at": "2017-09-08 00:00:00",
    "url": "https://themeforest.net/item/aruna-responsive-prestashop-theme/17327245?s_rank=619",
    "versions": {}
  },
  {
    "comments": 8,
    "created_at": "2016-12-23 00:00:00",
    "deleted_at": null,
    "name": "teashop-ecommerce-html-template",
    "sales": 24,
    "source": "themeforest",
    "title": "Teashop eCommerce HTML Template",
    "updated_at": "2016-12-23 00:00:00",
    "url": "https://themeforest.net/item/teashop-ecommerce-html-template/19161184?s_rank=723",
    "versions": {}
  },
  {
    "comments": 9,
    "created_at": "2016-10-28 00:00:00",
    "deleted_at": null,
    "name": "eshopmultipurpose-ecommerce-html-template",
    "sales": 24,
    "source": "themeforest",
    "title": "eShop-Multipurpose eCommerce HTML Template",
    "updated_at": "2016-10-28 00:00:00",
    "url": "https://themeforest.net/item/eshopmultipurpose-ecommerce-html-template/18126186?s_rank=734",
    "versions": {}
  },
  {
    "comments": 11,
    "created_at": "2016-08-13 00:00:00",
    "deleted_at": null,
    "name": "prallaxmultipurpose-ecommerce-html-template",
    "sales": 24,
    "source": "themeforest",
    "title": "Prallax-Multipurpose eCommerce HTML Template",
    "updated_at": "2016-08-13 00:00:00",
    "url": "https://themeforest.net/item/prallaxmultipurpose-ecommerce-html-template/16888075?s_rank=736",
    "versions": {}
  },
  {
    "comments": 13,
    "created_at": "2017-02-07 00:00:00",
    "deleted_at": null,
    "name": "techstore16-responsive-prestashop-theme",
    "sales": 25,
    "source": "themeforest",
    "title": "Techstore16 Responsive Prestashop Theme",
    "updated_at": "2017-03-17 00:00:00",
    "url": "https://themeforest.net/item/techstore16-responsive-prestashop-theme/19315179?s_rank=45",
    "versions": {}
  },
  {
    "comments": 12,
    "created_at": "2017-07-27 00:00:00",
    "deleted_at": null,
    "name": "fuco-handmade-furniture-responsive-prestashop-17-theme",
    "sales": 25,
    "source": "themeforest",
    "title": "Fuco - Handmade Furniture Responsive Prestashop 1.7 Theme",
    "updated_at": "2017-09-03 00:00:00",
    "url": "https://themeforest.net/item/fuco-handmade-furniture-responsive-prestashop-17-theme/20285294?s_rank=80",
    "versions": {}
  },
  {
    "comments": 24,
    "created_at": "2016-11-02 00:00:00",
    "deleted_at": null,
    "name": "pts-vipshop",
    "sales": 25,
    "source": "themeforest",
    "title": "Pts Vipshop - Advanced Prestashop theme",
    "updated_at": "2017-06-29 00:00:00",
    "url": "https://themeforest.net/item/pts-vipshop/18528130?s_rank=198",
    "versions": {}
  },
  {
    "comments": 11,
    "created_at": "2017-04-29 00:00:00",
    "deleted_at": null,
    "name": "osca-responsive-prestashop-17-theme",
    "sales": 25,
    "source": "themeforest",
    "title": "Osca - Shopping Responsive Prestashop 1.7 Theme",
    "updated_at": "2017-09-06 00:00:00",
    "url": "https://themeforest.net/item/osca-responsive-prestashop-17-theme/19760899?s_rank=280",
    "versions": {}
  },
  {
    "comments": 6,
    "created_at": "2016-10-13 00:00:00",
    "deleted_at": null,
    "name": "lbum-responsive-premium-prestashop-theme",
    "sales": 25,
    "source": "themeforest",
    "title": "Lbum - Responsive Premium Prestashop Theme",
    "updated_at": "2016-10-13 00:00:00",
    "url": "https://themeforest.net/item/lbum-responsive-premium-prestashop-theme/17729591?s_rank=376",
    "versions": {}
  },
  {
    "comments": 17,
    "created_at": "2016-02-03 00:00:00",
    "deleted_at": null,
    "name": "leo-blue-responsive-prestashop-theme",
    "sales": 25,
    "source": "themeforest",
    "title": "Leo Blue Responsive Prestashop Theme",
    "updated_at": "2016-07-08 00:00:00",
    "url": "https://themeforest.net/item/leo-blue-responsive-prestashop-theme/14694110?s_rank=441",
    "versions": {}
  },
  {
    "comments": 8,
    "created_at": "2016-04-19 00:00:00",
    "deleted_at": null,
    "name": "leo-omuragym-responsive-prestashop-theme",
    "sales": 25,
    "source": "themeforest",
    "title": "Leo Omuragym Responsive Prestashop Theme",
    "updated_at": "2016-07-08 00:00:00",
    "url": "https://themeforest.net/item/leo-omuragym-responsive-prestashop-theme/15385066?s_rank=451",
    "versions": {}
  },
  {
    "comments": 7,
    "created_at": "2016-04-29 00:00:00",
    "deleted_at": null,
    "name": "topshop-premium-responsive-prestashop-theme",
    "sales": 25,
    "source": "themeforest",
    "title": "Topshop - Premium Responsive Prestashop Theme",
    "updated_at": "2017-02-04 00:00:00",
    "url": "https://themeforest.net/item/topshop-premium-responsive-prestashop-theme/15651144?s_rank=461",
    "versions": {}
  },
  {
    "comments": 7,
    "created_at": "2015-09-24 00:00:00",
    "deleted_at": null,
    "name": "mirano-multipurpose-responsive-prestashop-theme",
    "sales": 25,
    "source": "themeforest",
    "title": "Mirano  - Multipurpose Responsive Prestashop Theme",
    "updated_at": "2015-09-24 00:00:00",
    "url": "https://themeforest.net/item/mirano-multipurpose-responsive-prestashop-theme/12942628?s_rank=488",
    "versions": {}
  },
  {
    "comments": 10,
    "created_at": "2015-06-09 00:00:00",
    "deleted_at": null,
    "name": "hair-salon-prestashop-responsive-theme",
    "sales": 25,
    "source": "themeforest",
    "title": "Hair Salon - Prestashop Responsive Theme",
    "updated_at": "2015-11-30 00:00:00",
    "url": "https://themeforest.net/item/hair-salon-prestashop-responsive-theme/11667382?s_rank=536",
    "versions": {}
  },
  {
    "comments": 22,
    "created_at": "2015-05-27 00:00:00",
    "deleted_at": null,
    "name": "jms-reviver-responsive-prestashop-theme",
    "sales": 25,
    "source": "themeforest",
    "title": "JMS Reviver - Responsive Prestashop Theme",
    "updated_at": "2015-05-27 00:00:00",
    "url": "https://themeforest.net/item/jms-reviver-responsive-prestashop-theme/11553769?s_rank=540",
    "versions": {}
  },
  {
    "comments": 11,
    "created_at": "2014-02-18 00:00:00",
    "deleted_at": null,
    "name": "apparel-store-responsive-prestashop-theme",
    "sales": 25,
    "source": "themeforest",
    "title": "Apparel Store - Responsive Prestashop Theme",
    "updated_at": "2015-12-06 00:00:00",
    "url": "https://themeforest.net/item/apparel-store-responsive-prestashop-theme/6892826?s_rank=596",
    "versions": {}
  },
  {
    "comments": 16,
    "created_at": "2016-10-21 00:00:00",
    "deleted_at": null,
    "name": "gecko-powerful-fashion-organic-prestashop-theme",
    "sales": 25,
    "source": "themeforest",
    "title": "Gecko - Powerful Fashion, Organic Prestashop Theme",
    "updated_at": "2017-01-06 00:00:00",
    "url": "https://themeforest.net/item/gecko-powerful-fashion-organic-prestashop-theme/18326394?s_rank=603",
    "versions": {}
  },
  {
    "comments": 14,
    "created_at": "2016-07-26 00:00:00",
    "deleted_at": null,
    "name": "comeback-ecommerce-multipurpose-responsive-prestashop-theme",
    "sales": 25,
    "source": "themeforest",
    "title": "Comeback | eCommerce Multipurpose Responsive Prestashop Theme",
    "updated_at": "2016-07-26 00:00:00",
    "url": "https://themeforest.net/item/comeback-ecommerce-multipurpose-responsive-prestashop-theme/15981985?s_rank=633",
    "versions": {}
  },
  {
    "comments": 9,
    "created_at": "2016-08-23 00:00:00",
    "deleted_at": null,
    "name": "themebox-unique-digital-products-marketplace-multipurpose-ecommerce-template",
    "sales": 25,
    "source": "themeforest",
    "title": "Themebox - Unique Digital Products, Marketplace, Multipurpose Ecommerce Template",
    "updated_at": "2016-12-08 00:00:00",
    "url": "https://themeforest.net/item/themebox-unique-digital-products-marketplace-multipurpose-ecommerce-template/16588846?s_rank=818",
    "versions": {}
  },
  {
    "comments": 9,
    "created_at": "2017-06-09 00:00:00",
    "deleted_at": null,
    "name": "croma-responsive-prestashop-17-theme",
    "sales": 26,
    "source": "themeforest",
    "title": "Croma - Responsive Prestashop 1.7 Theme",
    "updated_at": "2017-08-04 00:00:00",
    "url": "https://themeforest.net/item/croma-responsive-prestashop-17-theme/20011914?s_rank=27",
    "versions": {}
  },
  {
    "comments": 15,
    "created_at": "2017-06-16 00:00:00",
    "deleted_at": null,
    "name": "nova-prestashop-17-theme-for-fashion-templates",
    "sales": 26,
    "source": "themeforest",
    "title": "Nova - PrestaShop 1.7 Theme For Fashion Templates",
    "updated_at": "2017-09-14 00:00:00",
    "url": "https://themeforest.net/item/nova-prestashop-17-theme-for-fashion-templates/20033357?s_rank=87",
    "versions": {
      "1.0.0": {
        "date": "2017-06-16 00:00:00"
      },
      "1.0.1": {
        "date": "2017-06-23 00:00:00"
      },
      "1.1.0": {
        "date": "2017-06-30 00:00:00"
      },
      "1.1.1": {
        "date": "2017-09-02 00:00:00"
      }
    }
  },
  {
    "comments": 11,
    "created_at": "2016-10-12 00:00:00",
    "deleted_at": null,
    "name": "sonic-responsive-prestashop-theme",
    "sales": 26,
    "source": "themeforest",
    "title": "Sonic - Responsive Prestashop Theme",
    "updated_at": "2016-10-12 00:00:00",
    "url": "https://themeforest.net/item/sonic-responsive-prestashop-theme/18164415?s_rank=147",
    "versions": {}
  },
  {
    "comments": 12,
    "created_at": "2016-02-17 00:00:00",
    "deleted_at": null,
    "name": "fcstore-premium-responsive-prestashop-theme",
    "sales": 26,
    "source": "themeforest",
    "title": "FCstore - Premium Responsive Prestashop Theme",
    "updated_at": "2016-12-01 00:00:00",
    "url": "https://themeforest.net/item/fcstore-premium-responsive-prestashop-theme/14775687?s_rank=428",
    "versions": {}
  },
  {
    "comments": 5,
    "created_at": "2015-09-30 00:00:00",
    "deleted_at": null,
    "name": "sns-zaggo-responsive-prestashop-theme",
    "sales": 26,
    "source": "themeforest",
    "title": "SNS Zaggo - Responsive Prestashop Theme",
    "updated_at": "2015-09-30 00:00:00",
    "url": "https://themeforest.net/item/sns-zaggo-responsive-prestashop-theme/13042016?s_rank=500",
    "versions": {}
  },
  {
    "comments": 14,
    "created_at": "2017-06-11 00:00:00",
    "deleted_at": null,
    "name": "lazio-multipurpose-responsive-prestashop-theme",
    "sales": 27,
    "source": "themeforest",
    "title": "Lazio - Multipurpose Responsive Prestashop Theme",
    "updated_at": "2017-06-11 00:00:00",
    "url": "https://themeforest.net/item/lazio-multipurpose-responsive-prestashop-theme/20131275?s_rank=48",
    "versions": {}
  },
  {
    "comments": 4,
    "created_at": "2014-03-07 00:00:00",
    "deleted_at": null,
    "name": "maxshop-prestashop-responsive-theme",
    "sales": 27,
    "source": "themeforest",
    "title": "Maxshop - Prestashop Responsive Theme",
    "updated_at": "2015-12-10 00:00:00",
    "url": "https://themeforest.net/item/maxshop-prestashop-responsive-theme/7042338?s_rank=397",
    "versions": {}
  },
  {
    "comments": 11,
    "created_at": "2016-05-31 00:00:00",
    "deleted_at": null,
    "name": "jms-pizza-responsive-prestashop-theme",
    "sales": 27,
    "source": "themeforest",
    "title": "JMS Pizza - Responsive Prestashop Theme",
    "updated_at": "2016-05-31 00:00:00",
    "url": "https://themeforest.net/item/jms-pizza-responsive-prestashop-theme/15962182?s_rank=435",
    "versions": {}
  },
  {
    "comments": 12,
    "created_at": "2017-02-25 00:00:00",
    "deleted_at": null,
    "name": "luca-responsive-prestashop-17-theme",
    "sales": 27,
    "source": "themeforest",
    "title": "Luca - Shopping Responsive Prestashop 1.7 Theme",
    "updated_at": "2017-09-06 00:00:00",
    "url": "https://themeforest.net/item/luca-responsive-prestashop-17-theme/19478404?s_rank=464",
    "versions": {}
  },
  {
    "comments": 10,
    "created_at": "2016-06-11 00:00:00",
    "deleted_at": null,
    "name": "donnan-mega-store-responsive-prestashop-theme",
    "sales": 27,
    "source": "themeforest",
    "title": "Donnan - Mega Store Responsive Prestashop Theme",
    "updated_at": "2017-03-06 00:00:00",
    "url": "https://themeforest.net/item/donnan-mega-store-responsive-prestashop-theme/16587388?s_rank=593",
    "versions": {}
  },
  {
    "comments": 18,
    "created_at": "2017-03-21 00:00:00",
    "deleted_at": null,
    "name": "leo-bicmart-multiple-responsive-theme",
    "sales": 27,
    "source": "themeforest",
    "title": "Leo Bicmart Multiple Responsive Theme",
    "updated_at": "2017-08-25 00:00:00",
    "url": "https://themeforest.net/item/leo-bicmart-multiple-responsive-theme/19560003?s_rank=754",
    "versions": {}
  },
  {
    "comments": 18,
    "created_at": "2017-07-22 00:00:00",
    "deleted_at": null,
    "name": "jms-deermarket-multipurpose-responsive-prestashop-theme",
    "sales": 28,
    "source": "themeforest",
    "title": "JMS DeerMarket - Multi-Purpose Responsive Prestashop Theme",
    "updated_at": "2017-07-22 00:00:00",
    "url": "https://themeforest.net/item/jms-deermarket-multipurpose-responsive-prestashop-theme/20280243?s_rank=89",
    "versions": {}
  },
  {
    "comments": 23,
    "created_at": "2017-06-28 00:00:00",
    "deleted_at": null,
    "name": "organic-food-healthy-responsive-prestashop-17-theme",
    "sales": 28,
    "source": "themeforest",
    "title": "Organic - Food & Healthy Responsive Prestashop 1.7 Theme",
    "updated_at": "2017-08-18 00:00:00",
    "url": "https://themeforest.net/item/organic-food-healthy-responsive-prestashop-17-theme/20117449?s_rank=223",
    "versions": {}
  },
  {
    "comments": 9,
    "created_at": "2014-12-03 00:00:00",
    "deleted_at": null,
    "name": "incredible-prestashop-responsive-theme",
    "sales": 28,
    "source": "themeforest",
    "title": "Incredible - Prestashop Responsive Theme",
    "updated_at": "2015-12-03 00:00:00",
    "url": "https://themeforest.net/item/incredible-prestashop-responsive-theme/9663855?s_rank=337",
    "versions": {}
  },
  {
    "comments": 9,
    "created_at": "2017-03-23 00:00:00",
    "deleted_at": null,
    "name": "pts-drop-responsive-prestashop-17-theme",
    "sales": 28,
    "source": "themeforest",
    "title": "Pts Drop - Responsive Prestashop 1.7 Theme",
    "updated_at": "2017-05-08 00:00:00",
    "url": "https://themeforest.net/item/pts-drop-responsive-prestashop-17-theme/19594677?s_rank=348",
    "versions": {}
  },
  {
    "comments": 11,
    "created_at": "2016-01-01 00:00:00",
    "deleted_at": null,
    "name": "romantic-multipurpose-responsive-prestashop-theme",
    "sales": 28,
    "source": "themeforest",
    "title": "Romantic - Multipurpose Responsive Prestashop Theme",
    "updated_at": "2016-01-01 00:00:00",
    "url": "https://themeforest.net/item/romantic-multipurpose-responsive-prestashop-theme/14145483?s_rank=487",
    "versions": {}
  },
  {
    "comments": 11,
    "created_at": "2016-10-08 00:00:00",
    "deleted_at": null,
    "name": "rapiden-mega-shop-responsive-prestashop-theme",
    "sales": 28,
    "source": "themeforest",
    "title": "Rapiden - Mega Shop Responsive Prestashop Theme",
    "updated_at": "2016-10-08 00:00:00",
    "url": "https://themeforest.net/item/rapiden-mega-shop-responsive-prestashop-theme/18287655?s_rank=554",
    "versions": {}
  },
  {
    "comments": 8,
    "created_at": "2014-02-12 00:00:00",
    "deleted_at": null,
    "name": "pos-lyra-responsive-prestashop-theme",
    "sales": 28,
    "source": "themeforest",
    "title": "Pos LYRA - Responsive Prestashop Theme",
    "updated_at": "2014-03-25 00:00:00",
    "url": "https://themeforest.net/item/pos-lyra-responsive-prestashop-theme/6844273?s_rank=557",
    "versions": {
      "1.0": {
        "date": "2014-12-02 00:00:00"
      },
      "1.6": {
        "date": "2014-01-04 00:00:00"
      }
    }
  },
  {
    "comments": 28,
    "created_at": "2016-10-07 00:00:00",
    "deleted_at": null,
    "name": "pilltone-fresh-food-responsive-prestashop-theme",
    "sales": 28,
    "source": "themeforest",
    "title": "Pilltone - Fresh Food Responsive Prestashop Theme",
    "updated_at": "2017-07-05 00:00:00",
    "url": "https://themeforest.net/item/pilltone-fresh-food-responsive-prestashop-theme/17899152?s_rank=581",
    "versions": {}
  },
  {
    "comments": 11,
    "created_at": "2015-06-09 00:00:00",
    "deleted_at": null,
    "name": "elise-advanced-fashion-prestashop-theme-blog",
    "sales": 28,
    "source": "themeforest",
    "title": "Elise - Advanced Fashion Prestashop Theme + Blog",
    "updated_at": "2015-06-09 00:00:00",
    "url": "https://themeforest.net/item/elise-advanced-fashion-prestashop-theme-blog/11665461?s_rank=624",
    "versions": {}
  },
  {
    "comments": 8,
    "created_at": "2017-04-28 00:00:00",
    "deleted_at": null,
    "name": "nikado-responsive-prestashop-theme",
    "sales": 29,
    "source": "themeforest",
    "title": "Nikado -  Responsive Prestashop Theme",
    "updated_at": "2017-04-28 00:00:00",
    "url": "https://themeforest.net/item/nikado-responsive-prestashop-theme/19761607?s_rank=17",
    "versions": {}
  },
  {
    "comments": 12,
    "created_at": "2017-02-02 00:00:00",
    "deleted_at": null,
    "name": "inspira-multipurpose-responsive-prestashop-theme",
    "sales": 29,
    "source": "themeforest",
    "title": "Inspira - Multipurpose Responsive Prestashop Theme",
    "updated_at": "2017-02-02 00:00:00",
    "url": "https://themeforest.net/item/inspira-multipurpose-responsive-prestashop-theme/19355530?s_rank=201",
    "versions": {}
  },
  {
    "comments": 19,
    "created_at": "2015-07-07 00:00:00",
    "deleted_at": null,
    "name": "bstore-responsive-prestashop-theme",
    "sales": 29,
    "source": "themeforest",
    "title": "BStore - Responsive Prestashop Theme",
    "updated_at": "2015-07-07 00:00:00",
    "url": "https://themeforest.net/item/bstore-responsive-prestashop-theme/11923503?s_rank=315",
    "versions": {}
  },
  {
    "comments": 8,
    "created_at": "2015-09-26 00:00:00",
    "deleted_at": null,
    "name": "manina-multipurpose-responsive-prestashop-theme",
    "sales": 29,
    "source": "themeforest",
    "title": "Manina - Multipurpose Responsive Prestashop Theme",
    "updated_at": "2015-09-26 00:00:00",
    "url": "https://themeforest.net/item/manina-multipurpose-responsive-prestashop-theme/12980820?s_rank=453",
    "versions": {}
  },
  {
    "comments": 25,
    "created_at": "2013-11-12 00:00:00",
    "deleted_at": null,
    "name": "csmart-responsive-cscart-theme",
    "sales": 29,
    "source": "themeforest",
    "title": "Csmart - Responsive Cs-Cart Theme",
    "updated_at": "2014-04-28 00:00:00",
    "url": "https://themeforest.net/item/csmart-responsive-cscart-theme/6117824?s_rank=836",
    "versions": {}
  },
  {
    "comments": 11,
    "created_at": "2017-07-01 00:00:00",
    "deleted_at": null,
    "name": "danio-fashion-responsive-prestashop-17-theme",
    "sales": 30,
    "source": "themeforest",
    "title": "Danio - Fashion Responsive Prestashop 1.7 Theme",
    "updated_at": "2017-09-06 00:00:00",
    "url": "https://themeforest.net/item/danio-fashion-responsive-prestashop-17-theme/20170091?s_rank=173",
    "versions": {}
  },
  {
    "comments": 8,
    "created_at": "2016-07-07 00:00:00",
    "deleted_at": null,
    "name": "makeover-multipurpose-prestashop-theme",
    "sales": 30,
    "source": "themeforest",
    "title": "Makeover - Multipurpose Prestashop Theme",
    "updated_at": "2016-07-07 00:00:00",
    "url": "https://themeforest.net/item/makeover-multipurpose-prestashop-theme/16913354?s_rank=178",
    "versions": {}
  },
  {
    "comments": 12,
    "created_at": "2016-12-08 00:00:00",
    "deleted_at": null,
    "name": "gatcomart-multipurpose-responsive-prestashop-theme",
    "sales": 30,
    "source": "themeforest",
    "title": "GatcoMart - Multipurpose Responsive Prestashop Theme",
    "updated_at": "2016-12-08 00:00:00",
    "url": "https://themeforest.net/item/gatcomart-multipurpose-responsive-prestashop-theme/19027195?s_rank=248",
    "versions": {}
  },
  {
    "comments": 4,
    "created_at": "2015-04-07 00:00:00",
    "deleted_at": null,
    "name": "beveli-responsive-prestashop-theme",
    "sales": 30,
    "source": "themeforest",
    "title": "Beveli - Responsive Prestashop Theme",
    "updated_at": "2015-07-27 00:00:00",
    "url": "https://themeforest.net/item/beveli-responsive-prestashop-theme/11001071?s_rank=263",
    "versions": {
      "1.0": {
        "date": "2015-07-04 00:00:00"
      },
      "1.1": {
        "date": "2015-07-25 00:00:00"
      }
    }
  },
  {
    "comments": 11,
    "created_at": "2016-08-20 00:00:00",
    "deleted_at": null,
    "name": "agood-store-responsive-prestashop-theme",
    "sales": 30,
    "source": "themeforest",
    "title": "Agood - Store Responsive Prestashop Theme",
    "updated_at": "2017-04-24 00:00:00",
    "url": "https://themeforest.net/item/agood-store-responsive-prestashop-theme/17299181?s_rank=267",
    "versions": {}
  },
  {
    "comments": 13,
    "created_at": "2016-05-07 00:00:00",
    "deleted_at": null,
    "name": "mandala-creative-responsive-prestashop-theme",
    "sales": 30,
    "source": "themeforest",
    "title": "Mandala - Creative Responsive Prestashop Theme",
    "updated_at": "2016-05-07 00:00:00",
    "url": "https://themeforest.net/item/mandala-creative-responsive-prestashop-theme/15841260?s_rank=300",
    "versions": {}
  },
  {
    "comments": 13,
    "created_at": "2016-10-20 00:00:00",
    "deleted_at": null,
    "name": "jms-organian-premium-prestashop-theme",
    "sales": 30,
    "source": "themeforest",
    "title": "JMS Organian - Premium Prestashop Theme",
    "updated_at": "2016-10-20 00:00:00",
    "url": "https://themeforest.net/item/jms-organian-premium-prestashop-theme/18326512?s_rank=310",
    "versions": {}
  },
  {
    "comments": 14,
    "created_at": "2017-03-25 00:00:00",
    "deleted_at": null,
    "name": "casino-responsive-prestashop-17-theme",
    "sales": 30,
    "source": "themeforest",
    "title": "Casino - Shopping Responsive Prestashop 1.7 Theme",
    "updated_at": "2017-09-06 00:00:00",
    "url": "https://themeforest.net/item/casino-responsive-prestashop-17-theme/19582288?s_rank=316",
    "versions": {}
  },
  {
    "comments": 11,
    "created_at": "2014-10-15 00:00:00",
    "deleted_at": null,
    "name": "constitute-prestashop-responsive-theme",
    "sales": 30,
    "source": "themeforest",
    "title": "Constitute - Prestashop Responsive Theme",
    "updated_at": "2015-12-03 00:00:00",
    "url": "https://themeforest.net/item/constitute-prestashop-responsive-theme/9096639?s_rank=329",
    "versions": {}
  },
  {
    "comments": 10,
    "created_at": "2015-11-19 00:00:00",
    "deleted_at": null,
    "name": "leo-mode-responsive-prestashop-theme",
    "sales": 30,
    "source": "themeforest",
    "title": "Leo Mode Responsive Prestashop Theme",
    "updated_at": "2016-07-19 00:00:00",
    "url": "https://themeforest.net/item/leo-mode-responsive-prestashop-theme/13571733?s_rank=366",
    "versions": {}
  },
  {
    "comments": 11,
    "created_at": "2015-09-13 00:00:00",
    "deleted_at": null,
    "name": "leo-tattoo-responsive-prestashop-theme",
    "sales": 30,
    "source": "themeforest",
    "title": "Leo Tattoo Responsive Prestashop Theme",
    "updated_at": "2017-06-21 00:00:00",
    "url": "https://themeforest.net/item/leo-tattoo-responsive-prestashop-theme/12817004?s_rank=497",
    "versions": {}
  },
  {
    "comments": 10,
    "created_at": "2015-07-03 00:00:00",
    "deleted_at": null,
    "name": "sns-aio-responsive-prestashop-theme",
    "sales": 30,
    "source": "themeforest",
    "title": "SNS AIO - Responsive Prestashop Theme",
    "updated_at": "2015-07-03 00:00:00",
    "url": "https://themeforest.net/item/sns-aio-responsive-prestashop-theme/11890061?s_rank=523",
    "versions": {}
  },
  {
    "comments": 9,
    "created_at": "2015-05-14 00:00:00",
    "deleted_at": null,
    "name": "dicove-fashion-responsive-prestashop-theme",
    "sales": 30,
    "source": "themeforest",
    "title": "Dicove - Fashion Responsive Prestashop Theme",
    "updated_at": "2015-05-14 00:00:00",
    "url": "https://themeforest.net/item/dicove-fashion-responsive-prestashop-theme/11427973?s_rank=524",
    "versions": {}
  },
  {
    "comments": 20,
    "created_at": "2016-02-09 00:00:00",
    "deleted_at": null,
    "name": "jms-elpis-premium-responsive-prestashop-theme",
    "sales": 30,
    "source": "themeforest",
    "title": "JMS Elpis - Premium Responsive Prestashop Theme",
    "updated_at": "2016-02-09 00:00:00",
    "url": "https://themeforest.net/item/jms-elpis-premium-responsive-prestashop-theme/14720957?s_rank=569",
    "versions": {}
  },
  {
    "comments": 13,
    "created_at": "2014-05-21 00:00:00",
    "deleted_at": null,
    "name": "-vista-premium-responsive-prestashoptheme",
    "sales": 30,
    "source": "themeforest",
    "title": "Vista - Premium Responsive PrestaShopTheme",
    "updated_at": "2017-07-05 00:00:00",
    "url": "https://themeforest.net/item/-vista-premium-responsive-prestashoptheme/7748852?s_rank=764",
    "versions": {}
  },
  {
    "comments": 17,
    "created_at": "2017-05-27 00:00:00",
    "deleted_at": null,
    "name": "hitheme-wonderful-responsive-prestashop-17-theme",
    "sales": 31,
    "source": "themeforest",
    "title": "HiTheme - Wonderful Responsive PrestaShop 1.7 Theme",
    "updated_at": "2017-09-07 00:00:00",
    "url": "https://themeforest.net/item/hitheme-wonderful-responsive-prestashop-17-theme/19966688?s_rank=148",
    "versions": {}
  },
  {
    "comments": 14,
    "created_at": "2017-03-18 00:00:00",
    "deleted_at": null,
    "name": "pro-business-multipurpose-prestashop-theme",
    "sales": 31,
    "source": "themeforest",
    "title": "Pro Business - Multipurpose Prestashop Theme",
    "updated_at": "2017-08-29 00:00:00",
    "url": "https://themeforest.net/item/pro-business-multipurpose-prestashop-theme/19551547?s_rank=180",
    "versions": {}
  },
  {
    "comments": 14,
    "created_at": "2017-03-31 00:00:00",
    "deleted_at": null,
    "name": "perfect-gifts-responsive-prestashop-17-theme",
    "sales": 31,
    "source": "themeforest",
    "title": "Perfect Gifts - Responsive Prestashop 1.7 Theme",
    "updated_at": "2017-08-04 00:00:00",
    "url": "https://themeforest.net/item/perfect-gifts-responsive-prestashop-17-theme/19600615?s_rank=272",
    "versions": {}
  },
  {
    "comments": 13,
    "created_at": "2016-10-13 00:00:00",
    "deleted_at": null,
    "name": "gicor-furniture-responsive-prestashop-theme",
    "sales": 31,
    "source": "themeforest",
    "title": "Gicor - Furniture Responsive Prestashop Theme",
    "updated_at": "2016-10-13 00:00:00",
    "url": "https://themeforest.net/item/gicor-furniture-responsive-prestashop-theme/18263565?s_rank=279",
    "versions": {}
  },
  {
    "comments": 6,
    "created_at": "2016-05-31 00:00:00",
    "deleted_at": null,
    "name": "jms-ceramics-responsive-prestashop-theme",
    "sales": 31,
    "source": "themeforest",
    "title": "JMS Ceramics - Responsive Prestashop Theme",
    "updated_at": "2016-05-31 00:00:00",
    "url": "https://themeforest.net/item/jms-ceramics-responsive-prestashop-theme/16136426?s_rank=395",
    "versions": {}
  },
  {
    "comments": 20,
    "created_at": "2015-11-06 00:00:00",
    "deleted_at": null,
    "name": "h2shop-multipurpose-responsive-prestashop-theme",
    "sales": 31,
    "source": "themeforest",
    "title": "H2shop - Multipurpose Responsive Prestashop Theme",
    "updated_at": "2016-12-01 00:00:00",
    "url": "https://themeforest.net/item/h2shop-multipurpose-responsive-prestashop-theme/13476984?s_rank=416",
    "versions": {}
  },
  {
    "comments": 17,
    "created_at": "2015-05-04 00:00:00",
    "deleted_at": null,
    "name": "jms-marvel-multipurpose-prestashop-theme",
    "sales": 31,
    "source": "themeforest",
    "title": "JMS Marvel - Multipurpose Prestashop Theme",
    "updated_at": "2015-05-16 00:00:00",
    "url": "https://themeforest.net/item/jms-marvel-multipurpose-prestashop-theme/11271478?s_rank=465",
    "versions": {}
  },
  {
    "comments": 8,
    "created_at": "2016-07-26 00:00:00",
    "deleted_at": null,
    "name": "sense-responsive-prestashop-theme",
    "sales": 31,
    "source": "themeforest",
    "title": "Sense - Dress Fashion Responsive Prestashop Theme",
    "updated_at": "2017-09-08 00:00:00",
    "url": "https://themeforest.net/item/sense-responsive-prestashop-theme/16807048?s_rank=556",
    "versions": {}
  },
  {
    "comments": 24,
    "created_at": "2016-06-10 00:00:00",
    "deleted_at": null,
    "name": "magnium-multipurpose-premium-responsive-prestashop-theme",
    "sales": 31,
    "source": "themeforest",
    "title": "Magnium – Multi-Purpose Premium Responsive Prestashop Theme",
    "updated_at": "2016-06-10 00:00:00",
    "url": "https://themeforest.net/item/magnium-multipurpose-premium-responsive-prestashop-theme/16179665?s_rank=564",
    "versions": {}
  },
  {
    "comments": 21,
    "created_at": "2017-07-13 00:00:00",
    "deleted_at": null,
    "name": "complex-responsive-prestashop-16-theme",
    "sales": 32,
    "source": "themeforest",
    "title": "Complex Responsive Prestashop 1.6 & 1.7 Theme",
    "updated_at": "2017-08-03 00:00:00",
    "url": "https://themeforest.net/item/complex-responsive-prestashop-16-theme/20223506?s_rank=72",
    "versions": {}
  },
  {
    "comments": 11,
    "created_at": "2014-08-09 00:00:00",
    "deleted_at": null,
    "name": "fringe-prestashop-responsive-theme",
    "sales": 32,
    "source": "themeforest",
    "title": "Fringe - Prestashop Responsive Theme",
    "updated_at": "2015-12-03 00:00:00",
    "url": "https://themeforest.net/item/fringe-prestashop-responsive-theme/8531678?s_rank=343",
    "versions": {}
  },
  {
    "comments": 10,
    "created_at": "2015-11-07 00:00:00",
    "deleted_at": null,
    "name": "leo-monica-responsive-prestashop-theme",
    "sales": 32,
    "source": "themeforest",
    "title": "Leo Monica Responsive Prestashop Theme",
    "updated_at": "2016-07-18 00:00:00",
    "url": "https://themeforest.net/item/leo-monica-responsive-prestashop-theme/13454033?s_rank=396",
    "versions": {}
  },
  {
    "comments": 7,
    "created_at": "2016-01-22 00:00:00",
    "deleted_at": null,
    "name": "leo-michael-responsive-prestashop-theme",
    "sales": 32,
    "source": "themeforest",
    "title": "Leo Michael Responsive Prestashop Theme",
    "updated_at": "2016-07-15 00:00:00",
    "url": "https://themeforest.net/item/leo-michael-responsive-prestashop-theme/14507607?s_rank=463",
    "versions": {}
  },
  {
    "comments": 17,
    "created_at": "2015-02-26 00:00:00",
    "deleted_at": null,
    "name": "handyman-prestashop-business-construction-theme",
    "sales": 32,
    "source": "themeforest",
    "title": "Handyman - PrestaShop Business Construction Theme",
    "updated_at": "2015-03-14 00:00:00",
    "url": "https://themeforest.net/item/handyman-prestashop-business-construction-theme/10502519?s_rank=473",
    "versions": {}
  },
  {
    "comments": 12,
    "created_at": "2015-07-14 00:00:00",
    "deleted_at": null,
    "name": "leo-big-store-prestashop-theme",
    "sales": 32,
    "source": "themeforest",
    "title": "Leo Big Store Prestashop Theme",
    "updated_at": "2016-07-19 00:00:00",
    "url": "https://themeforest.net/item/leo-big-store-prestashop-theme/12013172?s_rank=489",
    "versions": {}
  },
  {
    "comments": 19,
    "created_at": "2016-11-12 00:00:00",
    "deleted_at": null,
    "name": "fresh-food-specific-prestashop-theme-for-food-restaurant-stores",
    "sales": 32,
    "source": "themeforest",
    "title": "Fresh Food - Specific Prestashop Theme for Food & Restaurant Stores",
    "updated_at": "2016-12-01 00:00:00",
    "url": "https://themeforest.net/item/fresh-food-specific-prestashop-theme-for-food-restaurant-stores/18623087?s_rank=646",
    "versions": {}
  },
  {
    "comments": 14,
    "created_at": "2017-01-03 00:00:00",
    "deleted_at": null,
    "name": "december-responsive-prestashop-theme",
    "sales": 33,
    "source": "themeforest",
    "title": "December - Shopping Responsive Prestashop Theme",
    "updated_at": "2017-09-05 00:00:00",
    "url": "https://themeforest.net/item/december-responsive-prestashop-theme/19211610?s_rank=203",
    "versions": {}
  },
  {
    "comments": 13,
    "created_at": "2017-04-08 00:00:00",
    "deleted_at": null,
    "name": "ruby-jewelry-store-responsive-prestashop-theme",
    "sales": 33,
    "source": "themeforest",
    "title": "Ruby - Jewelry Store Responsive Prestashop Theme",
    "updated_at": "2017-04-08 00:00:00",
    "url": "https://themeforest.net/item/ruby-jewelry-store-responsive-prestashop-theme/19674704?s_rank=296",
    "versions": {}
  },
  {
    "comments": 10,
    "created_at": "2016-07-19 00:00:00",
    "deleted_at": null,
    "name": "domino-fashion-responsive-prestashop-theme",
    "sales": 33,
    "source": "themeforest",
    "title": "Domino - Fashion Responsive Prestashop Theme",
    "updated_at": "2016-07-27 00:00:00",
    "url": "https://themeforest.net/item/domino-fashion-responsive-prestashop-theme/17115906?s_rank=313",
    "versions": {}
  },
  {
    "comments": 34,
    "created_at": "2017-03-02 00:00:00",
    "deleted_at": null,
    "name": "maserio-lingerie-prestashop-17-theme",
    "sales": 33,
    "source": "themeforest",
    "title": "Maserio - Lingerie PrestaShop 1.7 and 1.6 Theme",
    "updated_at": "2017-03-15 00:00:00",
    "url": "https://themeforest.net/item/maserio-lingerie-prestashop-17-theme/19440959?s_rank=353",
    "versions": {}
  },
  {
    "comments": 7,
    "created_at": "2015-12-18 00:00:00",
    "deleted_at": null,
    "name": "apollo-responsive-prestashop-theme",
    "sales": 33,
    "source": "themeforest",
    "title": "Apollo - Furniture Responsive Prestashop Theme",
    "updated_at": "2017-09-08 00:00:00",
    "url": "https://themeforest.net/item/apollo-responsive-prestashop-theme/14007175?s_rank=402",
    "versions": {}
  },
  {
    "comments": 10,
    "created_at": "2013-05-24 00:00:00",
    "deleted_at": null,
    "name": "leo-beauty-store-prestashop-theme",
    "sales": 33,
    "source": "themeforest",
    "title": "Leo Beauty Store Prestashop Theme",
    "updated_at": "2016-06-08 00:00:00",
    "url": "https://themeforest.net/item/leo-beauty-store-prestashop-theme/4794282?s_rank=499",
    "versions": {}
  },
  {
    "comments": 18,
    "created_at": "2015-08-26 00:00:00",
    "deleted_at": null,
    "name": "sns-kanta-digital-prestashop-theme",
    "sales": 33,
    "source": "themeforest",
    "title": "SNS Kanta - Digital Prestashop Theme",
    "updated_at": "2015-09-17 00:00:00",
    "url": "https://themeforest.net/item/sns-kanta-digital-prestashop-theme/12511034?s_rank=504",
    "versions": {
      "1.0": {
        "date": "2015-09-17 00:00:00"
      }
    }
  },
  {
    "comments": 14,
    "created_at": "2016-03-31 00:00:00",
    "deleted_at": null,
    "name": "expert-responsive-prestashop-theme",
    "sales": 34,
    "source": "themeforest",
    "title": "Expert - Responsive Prestashop Theme",
    "updated_at": "2016-03-31 00:00:00",
    "url": "https://themeforest.net/item/expert-responsive-prestashop-theme/15309286?s_rank=161",
    "versions": {}
  },
  {
    "comments": 8,
    "created_at": "2015-04-21 00:00:00",
    "deleted_at": null,
    "name": "greek-responsive-prestashop-theme",
    "sales": 34,
    "source": "themeforest",
    "title": "Greek - Responsive Prestashop Theme",
    "updated_at": "2015-04-21 00:00:00",
    "url": "https://themeforest.net/item/greek-responsive-prestashop-theme/11166644?s_rank=251",
    "versions": {}
  },
  {
    "comments": 8,
    "created_at": "2014-11-19 00:00:00",
    "deleted_at": null,
    "name": "spongy-prestashop-responsive-theme",
    "sales": 34,
    "source": "themeforest",
    "title": "Spongy - Prestashop Responsive Theme",
    "updated_at": "2015-12-03 00:00:00",
    "url": "https://themeforest.net/item/spongy-prestashop-responsive-theme/9496678?s_rank=295",
    "versions": {}
  },
  {
    "comments": 10,
    "created_at": "2014-10-21 00:00:00",
    "deleted_at": null,
    "name": "leo-express-decor-prestashop",
    "sales": 34,
    "source": "themeforest",
    "title": "Leo Express Decor PrestaShop",
    "updated_at": "2016-07-20 00:00:00",
    "url": "https://themeforest.net/item/leo-express-decor-prestashop/9208577?s_rank=328",
    "versions": {}
  },
  {
    "comments": 18,
    "created_at": "2015-06-25 00:00:00",
    "deleted_at": null,
    "name": "sns-korion-responsive-prestashop-theme",
    "sales": 34,
    "source": "themeforest",
    "title": "SNS Korion - Responsive Prestashop Theme",
    "updated_at": "2015-06-25 00:00:00",
    "url": "https://themeforest.net/item/sns-korion-responsive-prestashop-theme/11850832?s_rank=433",
    "versions": {}
  },
  {
    "comments": 6,
    "created_at": "2015-09-02 00:00:00",
    "deleted_at": null,
    "name": "vitalia-for-prestashop-fresh-responsive-theme",
    "sales": 34,
    "source": "themeforest",
    "title": "Vitalia for PrestaShop - Fresh, responsive theme",
    "updated_at": "2016-02-23 00:00:00",
    "url": "https://themeforest.net/item/vitalia-for-prestashop-fresh-responsive-theme/12614104?s_rank=439",
    "versions": {}
  },
  {
    "comments": 9,
    "created_at": "2015-12-18 00:00:00",
    "deleted_at": null,
    "name": "leo-arcana-responsive-prestashop-theme",
    "sales": 34,
    "source": "themeforest",
    "title": "Leo Arcana Responsive Prestashop Theme",
    "updated_at": "2016-07-18 00:00:00",
    "url": "https://themeforest.net/item/leo-arcana-responsive-prestashop-theme/13882676?s_rank=447",
    "versions": {}
  },
  {
    "comments": 8,
    "created_at": "2015-08-18 00:00:00",
    "deleted_at": null,
    "name": "mozar-responsive-prestashop-clothing-theme",
    "sales": 34,
    "source": "themeforest",
    "title": "Mozar - Responsive Prestashop Clothing Theme",
    "updated_at": "2015-08-18 00:00:00",
    "url": "https://themeforest.net/item/mozar-responsive-prestashop-clothing-theme/12411004?s_rank=482",
    "versions": {}
  },
  {
    "comments": 5,
    "created_at": "2014-01-04 00:00:00",
    "deleted_at": null,
    "name": "cherry-shop-responsive-prestashop-template",
    "sales": 34,
    "source": "themeforest",
    "title": "Cherry Shop - Responsive Prestashop Template",
    "updated_at": "2015-12-04 00:00:00",
    "url": "https://themeforest.net/item/cherry-shop-responsive-prestashop-template/6517612?s_rank=542",
    "versions": {}
  },
  {
    "comments": 10,
    "created_at": "2014-02-14 00:00:00",
    "deleted_at": null,
    "name": "pet-store-prestashop-responsive-theme",
    "sales": 34,
    "source": "themeforest",
    "title": "Pet Store - Prestashop Responsive Theme",
    "updated_at": "2015-12-06 00:00:00",
    "url": "https://themeforest.net/item/pet-store-prestashop-responsive-theme/6865566?s_rank=551",
    "versions": {}
  },
  {
    "comments": 12,
    "created_at": "2015-12-16 00:00:00",
    "deleted_at": null,
    "name": "diamond-prestashop-responsive-theme",
    "sales": 35,
    "source": "themeforest",
    "title": "Diamond - Prestashop Responsive Theme",
    "updated_at": "2015-12-16 00:00:00",
    "url": "https://themeforest.net/item/diamond-prestashop-responsive-theme/13957054?s_rank=158",
    "versions": {}
  },
  {
    "comments": 14,
    "created_at": "2015-03-10 00:00:00",
    "deleted_at": null,
    "name": "-munditia-responsive-prestashop-theme-",
    "sales": 35,
    "source": "themeforest",
    "title": " Munditia - Responsive PrestaShop Theme ",
    "updated_at": "2016-02-12 00:00:00",
    "url": "https://themeforest.net/item/-munditia-responsive-prestashop-theme-/10644730?s_rank=179",
    "versions": {}
  },
  {
    "comments": 16,
    "created_at": "2016-02-13 00:00:00",
    "deleted_at": null,
    "name": "noraure-responsive-prestashop-theme",
    "sales": 35,
    "source": "themeforest",
    "title": "Noraure Responsive Prestashop Theme",
    "updated_at": "2016-03-09 00:00:00",
    "url": "https://themeforest.net/item/noraure-responsive-prestashop-theme/14717503?s_rank=181",
    "versions": {}
  },
  {
    "comments": 13,
    "created_at": "2015-04-26 00:00:00",
    "deleted_at": null,
    "name": "pharmacy-responsive-prestashop-theme",
    "sales": 35,
    "source": "themeforest",
    "title": "Pharmacy - Responsive Prestashop Theme",
    "updated_at": "2015-04-26 00:00:00",
    "url": "https://themeforest.net/item/pharmacy-responsive-prestashop-theme/11195523?s_rank=226",
    "versions": {}
  },
  {
    "comments": 13,
    "created_at": "2016-08-31 00:00:00",
    "deleted_at": null,
    "name": "bencher-responsive-prestashop-store-theme",
    "sales": 35,
    "source": "themeforest",
    "title": "Bencher - Responsive Prestashop Store Theme",
    "updated_at": "2016-08-31 00:00:00",
    "url": "https://themeforest.net/item/bencher-responsive-prestashop-store-theme/17412992?s_rank=243",
    "versions": {}
  },
  {
    "comments": 12,
    "created_at": "2016-06-17 00:00:00",
    "deleted_at": null,
    "name": "facon-fashion-responsive-prestashop-theme",
    "sales": 35,
    "source": "themeforest",
    "title": "Facon - Fashion Responsive Prestashop Theme",
    "updated_at": "2016-06-17 00:00:00",
    "url": "https://themeforest.net/item/facon-fashion-responsive-prestashop-theme/16683159?s_rank=324",
    "versions": {}
  },
  {
    "comments": 12,
    "created_at": "2016-01-15 00:00:00",
    "deleted_at": null,
    "name": "leo-titanium-responsive-prestashop-theme",
    "sales": 35,
    "source": "themeforest",
    "title": "Leo Titanium Responsive Prestashop Theme",
    "updated_at": "2016-07-15 00:00:00",
    "url": "https://themeforest.net/item/leo-titanium-responsive-prestashop-theme/14376065?s_rank=403",
    "versions": {}
  },
  {
    "comments": 21,
    "created_at": "2016-01-05 00:00:00",
    "deleted_at": null,
    "name": "sns-camen-responsive-prestashop-theme",
    "sales": 35,
    "source": "themeforest",
    "title": "SNS Camen - Responsive Prestashop Theme",
    "updated_at": "2016-01-10 00:00:00",
    "url": "https://themeforest.net/item/sns-camen-responsive-prestashop-theme/13899596?s_rank=470",
    "versions": {}
  },
  {
    "comments": 16,
    "created_at": "2015-01-08 00:00:00",
    "deleted_at": null,
    "name": "civic-responsive-multipurpose-prestashop-theme",
    "sales": 35,
    "source": "themeforest",
    "title": "Civic - Responsive Multipurpose Prestashop Theme",
    "updated_at": "2017-07-27 00:00:00",
    "url": "https://themeforest.net/item/civic-responsive-multipurpose-prestashop-theme/9937999?s_rank=511",
    "versions": {}
  },
  {
    "comments": 15,
    "created_at": "2016-03-09 00:00:00",
    "deleted_at": null,
    "name": "pts-season-multipurposes-prestashop-theme",
    "sales": 35,
    "source": "themeforest",
    "title": "Pts Season Multi-purposes Prestashop theme",
    "updated_at": "2017-07-05 00:00:00",
    "url": "https://themeforest.net/item/pts-season-multipurposes-prestashop-theme/15151747?s_rank=538",
    "versions": {}
  },
  {
    "comments": 15,
    "created_at": "2016-03-30 00:00:00",
    "deleted_at": null,
    "name": "lotte-responsive-prestashop-theme",
    "sales": 35,
    "source": "themeforest",
    "title": "Lotte - Fashion Vest, Clothes Responsive Prestashop Theme",
    "updated_at": "2017-09-10 00:00:00",
    "url": "https://themeforest.net/item/lotte-responsive-prestashop-theme/15392092?s_rank=574",
    "versions": {}
  },
  {
    "comments": 9,
    "created_at": "2017-05-07 00:00:00",
    "deleted_at": null,
    "name": "bakery-vanila-cakery-bakery-html5-template",
    "sales": 35,
    "source": "themeforest",
    "title": "Bakery - Vanila  Cakery & Bakery HTML5 Template",
    "updated_at": "2017-05-15 00:00:00",
    "url": "https://themeforest.net/item/bakery-vanila-cakery-bakery-html5-template/19842945?s_rank=772",
    "versions": {}
  },
  {
    "comments": 15,
    "created_at": "2017-05-13 00:00:00",
    "deleted_at": null,
    "name": "linda-responsive-prestashop-16-17-theme",
    "sales": 36,
    "source": "themeforest",
    "title": "Linda Responsive Prestashop 1.6, 1.7  Theme",
    "updated_at": "2017-05-21 00:00:00",
    "url": "https://themeforest.net/item/linda-responsive-prestashop-16-17-theme/19827321?s_rank=200",
    "versions": {}
  },
  {
    "comments": 19,
    "created_at": "2016-09-02 00:00:00",
    "deleted_at": null,
    "name": "zalle-perfect-style-prestashop-theme",
    "sales": 36,
    "source": "themeforest",
    "title": "Zalle Perfect Style Prestashop Theme",
    "updated_at": "2016-09-02 00:00:00",
    "url": "https://themeforest.net/item/zalle-perfect-style-prestashop-theme/17376294?s_rank=236",
    "versions": {}
  },
  {
    "comments": 11,
    "created_at": "2015-11-24 00:00:00",
    "deleted_at": null,
    "name": "emily-premium-responsive-prestashop-theme",
    "sales": 36,
    "source": "themeforest",
    "title": "Emily - Premium Responsive Prestashop Theme",
    "updated_at": "2016-09-17 00:00:00",
    "url": "https://themeforest.net/item/emily-premium-responsive-prestashop-theme/13633179?s_rank=458",
    "versions": {}
  },
  {
    "comments": 22,
    "created_at": "2016-08-26 00:00:00",
    "deleted_at": null,
    "name": "solo-prestashop-furnitureinterior-store-theme",
    "sales": 36,
    "source": "themeforest",
    "title": "Solo - Prestashop Furniture/Interior Store Theme",
    "updated_at": "2017-04-24 00:00:00",
    "url": "https://themeforest.net/item/solo-prestashop-furnitureinterior-store-theme/17376273?s_rank=549",
    "versions": {}
  },
  {
    "comments": 19,
    "created_at": "2017-05-16 00:00:00",
    "deleted_at": null,
    "name": "jewelry-responsive-prestashop-17-theme",
    "sales": 37,
    "source": "themeforest",
    "title": "Jewelry - Responsive Prestashop 1.7 Theme",
    "updated_at": "2017-05-17 00:00:00",
    "url": "https://themeforest.net/item/jewelry-responsive-prestashop-17-theme/19934544?s_rank=79",
    "versions": {}
  },
  {
    "comments": 10,
    "created_at": "2017-01-07 00:00:00",
    "deleted_at": null,
    "name": "leo-leblanc-responsive-prestashop-theme",
    "sales": 37,
    "source": "themeforest",
    "title": "Leo Leblanc Responsive Prestashop Theme",
    "updated_at": "2017-08-23 00:00:00",
    "url": "https://themeforest.net/item/leo-leblanc-responsive-prestashop-theme/19255270?s_rank=219",
    "versions": {}
  },
  {
    "comments": 11,
    "created_at": "2016-10-18 00:00:00",
    "deleted_at": null,
    "name": "haxico-technology-responsive-prestashop-theme",
    "sales": 37,
    "source": "themeforest",
    "title": "Haxico - Technology Responsive Prestashop Theme",
    "updated_at": "2016-10-18 00:00:00",
    "url": "https://themeforest.net/item/haxico-technology-responsive-prestashop-theme/18401436?s_rank=252",
    "versions": {}
  },
  {
    "comments": 18,
    "created_at": "2016-11-10 00:00:00",
    "deleted_at": null,
    "name": "flower-store-responsive-prestashop-theme",
    "sales": 37,
    "source": "themeforest",
    "title": "Flower Store - Responsive Prestashop Theme",
    "updated_at": "2017-09-03 00:00:00",
    "url": "https://themeforest.net/item/flower-store-responsive-prestashop-theme/18390518?s_rank=274",
    "versions": {}
  },
  {
    "comments": 15,
    "created_at": "2014-09-17 00:00:00",
    "deleted_at": null,
    "name": "pts-bella-prestashop-theme",
    "sales": 37,
    "source": "themeforest",
    "title": "Pts Bella Prestashop Theme",
    "updated_at": "2015-10-06 00:00:00",
    "url": "https://themeforest.net/item/pts-bella-prestashop-theme/8902353?s_rank=288",
    "versions": {}
  },
  {
    "comments": 9,
    "created_at": "2015-11-18 00:00:00",
    "deleted_at": null,
    "name": "greentech-shopping-responsive-prestashop-theme",
    "sales": 37,
    "source": "themeforest",
    "title": "GreenTech - Shopping Responsive Prestashop Theme",
    "updated_at": "2015-11-19 00:00:00",
    "url": "https://themeforest.net/item/greentech-shopping-responsive-prestashop-theme/13607450?s_rank=390",
    "versions": {}
  },
  {
    "comments": 18,
    "created_at": "2015-04-11 00:00:00",
    "deleted_at": null,
    "name": "sns-ostore-responsive-prestashop-theme",
    "sales": 37,
    "source": "themeforest",
    "title": "SNS Ostore - Responsive Prestashop Theme",
    "updated_at": "2015-04-11 00:00:00",
    "url": "https://themeforest.net/item/sns-ostore-responsive-prestashop-theme/11069424?s_rank=425",
    "versions": {}
  },
  {
    "comments": 9,
    "created_at": "2016-01-05 00:00:00",
    "deleted_at": null,
    "name": "leo-ecogreen-responsive-prestashop-theme",
    "sales": 37,
    "source": "themeforest",
    "title": "Leo Ecogreen Responsive Prestashop Theme",
    "updated_at": "2016-07-04 00:00:00",
    "url": "https://themeforest.net/item/leo-ecogreen-responsive-prestashop-theme/14181881?s_rank=430",
    "versions": {}
  },
  {
    "comments": 7,
    "created_at": "2016-05-06 00:00:00",
    "deleted_at": null,
    "name": "marina-responsive-prestashop-theme",
    "sales": 37,
    "source": "themeforest",
    "title": "Marina - Fashion Shop Responsive Prestashop Theme",
    "updated_at": "2017-09-08 00:00:00",
    "url": "https://themeforest.net/item/marina-responsive-prestashop-theme/15784148?s_rank=548",
    "versions": {}
  },
  {
    "comments": 14,
    "created_at": "2016-08-09 00:00:00",
    "deleted_at": null,
    "name": "tshirt-shop-responsive-prestashop-theme",
    "sales": 37,
    "source": "themeforest",
    "title": "Tshirt Shop - Fashion Responsive Prestashop Theme",
    "updated_at": "2017-09-08 00:00:00",
    "url": "https://themeforest.net/item/tshirt-shop-responsive-prestashop-theme/17067965?s_rank=576",
    "versions": {}
  },
  {
    "comments": 12,
    "created_at": "2015-09-06 00:00:00",
    "deleted_at": null,
    "name": "sozo-fluid-full-screen-prestashop-theme",
    "sales": 37,
    "source": "themeforest",
    "title": "SOZO - Fluid Full Screen Prestashop Theme",
    "updated_at": "2015-09-06 00:00:00",
    "url": "https://themeforest.net/item/sozo-fluid-full-screen-prestashop-theme/12636474?s_rank=605",
    "versions": {}
  },
  {
    "comments": 10,
    "created_at": "2016-02-19 00:00:00",
    "deleted_at": null,
    "name": "ventura-responsive-prestashop-theme",
    "sales": 37,
    "source": "themeforest",
    "title": "Ventura - Shopping Digital, Electronics Responsive Prestashop Theme",
    "updated_at": "2017-09-08 00:00:00",
    "url": "https://themeforest.net/item/ventura-responsive-prestashop-theme/14349541?s_rank=645",
    "versions": {}
  },
  {
    "comments": 6,
    "created_at": "2016-09-20 00:00:00",
    "deleted_at": null,
    "name": "pts-ministore-clean-minimum-prestashop-theme",
    "sales": 37,
    "source": "themeforest",
    "title": "Pts Ministore - Clean & Minimum Prestashop Theme 1.6 & 1.7",
    "updated_at": "2017-08-16 00:00:00",
    "url": "https://themeforest.net/item/pts-ministore-clean-minimum-prestashop-theme/17416505?s_rank=694",
    "versions": {}
  },
  {
    "comments": 6,
    "created_at": "2015-09-13 00:00:00",
    "deleted_at": null,
    "name": "simen-furniture-store-ecommerce-psd",
    "sales": 37,
    "source": "themeforest",
    "title": "Simen - Furniture Store E-Commerce PSD",
    "updated_at": "2015-09-29 00:00:00",
    "url": "https://themeforest.net/item/simen-furniture-store-ecommerce-psd/12243256?s_rank=725",
    "versions": {}
  },
  {
    "comments": 9,
    "created_at": "2015-10-16 00:00:00",
    "deleted_at": null,
    "name": "hill-premium-bootstrap-ecommerce-psd-template",
    "sales": 37,
    "source": "themeforest",
    "title": "HILL - Premium Bootstrap eCommerce PSD Template",
    "updated_at": "2015-12-05 00:00:00",
    "url": "https://themeforest.net/item/hill-premium-bootstrap-ecommerce-psd-template/13179014?s_rank=735",
    "versions": {}
  },
  {
    "comments": 28,
    "created_at": "2017-04-11 00:00:00",
    "deleted_at": null,
    "name": "jms-onebuy-responsive-prestashop-theme",
    "sales": 38,
    "source": "themeforest",
    "title": "JMS OneBuy - Responsive Prestashop Theme",
    "updated_at": "2017-05-26 00:00:00",
    "url": "https://themeforest.net/item/jms-onebuy-responsive-prestashop-theme/19685189?s_rank=104",
    "versions": {}
  },
  {
    "comments": 14,
    "created_at": "2016-05-24 00:00:00",
    "deleted_at": null,
    "name": "leo-wooden-responsive-prestashop-theme",
    "sales": 38,
    "source": "themeforest",
    "title": "Leo Wooden Responsive Prestashop Theme",
    "updated_at": "2016-07-08 00:00:00",
    "url": "https://themeforest.net/item/leo-wooden-responsive-prestashop-theme/16034128?s_rank=268",
    "versions": {}
  },
  {
    "comments": 8,
    "created_at": "2014-02-11 00:00:00",
    "deleted_at": null,
    "name": "multistore-prestashop-responsive-theme",
    "sales": 38,
    "source": "themeforest",
    "title": "Multistore - Prestashop Responsive Theme",
    "updated_at": "2015-12-04 00:00:00",
    "url": "https://themeforest.net/item/multistore-prestashop-responsive-theme/6825751?s_rank=308",
    "versions": {}
  },
  {
    "comments": 18,
    "created_at": "2016-07-26 00:00:00",
    "deleted_at": null,
    "name": "eren-responsive-prestashop-theme",
    "sales": 39,
    "source": "themeforest",
    "title": "Eren Responsive Prestashop Theme",
    "updated_at": "2017-07-30 00:00:00",
    "url": "https://themeforest.net/item/eren-responsive-prestashop-theme/16811353?s_rank=82",
    "versions": {}
  },
  {
    "comments": 25,
    "created_at": "2016-01-26 00:00:00",
    "deleted_at": null,
    "name": "hill-premium-prestashop-theme",
    "sales": 39,
    "source": "themeforest",
    "title": "HILL Premium Prestashop Theme",
    "updated_at": "2016-03-10 00:00:00",
    "url": "https://themeforest.net/item/hill-premium-prestashop-theme/14415275?s_rank=197",
    "versions": {}
  },
  {
    "comments": 34,
    "created_at": "2015-05-07 00:00:00",
    "deleted_at": null,
    "name": "prime-responsive-prestashop-theme",
    "sales": 39,
    "source": "themeforest",
    "title": "Prime - Responsive Prestashop Theme",
    "updated_at": "2016-01-12 00:00:00",
    "url": "https://themeforest.net/item/prime-responsive-prestashop-theme/11298206?s_rank=217",
    "versions": {}
  },
  {
    "comments": 10,
    "created_at": "2015-07-22 00:00:00",
    "deleted_at": null,
    "name": "pts-janustore-prestashop-themes",
    "sales": 39,
    "source": "themeforest",
    "title": "Pts JanuStore Prestashop Themes",
    "updated_at": "2017-07-05 00:00:00",
    "url": "https://themeforest.net/item/pts-janustore-prestashop-themes/12156553?s_rank=225",
    "versions": {}
  },
  {
    "comments": 20,
    "created_at": "2012-10-31 00:00:00",
    "deleted_at": null,
    "name": "tshirts-prestashop-theme",
    "sales": 39,
    "source": "themeforest",
    "title": "T-shirts - PrestaShop Theme",
    "updated_at": "2012-10-31 00:00:00",
    "url": "https://themeforest.net/item/tshirts-prestashop-theme/3310527?s_rank=293",
    "versions": {}
  },
  {
    "comments": 16,
    "created_at": "2015-06-11 00:00:00",
    "deleted_at": null,
    "name": "foro-multipurpose-responsive-prestashop-theme",
    "sales": 39,
    "source": "themeforest",
    "title": "Foro - Multipurpose Responsive Prestashop Theme",
    "updated_at": "2016-12-01 00:00:00",
    "url": "https://themeforest.net/item/foro-multipurpose-responsive-prestashop-theme/11716647?s_rank=393",
    "versions": {}
  },
  {
    "comments": 10,
    "created_at": "2015-11-06 00:00:00",
    "deleted_at": null,
    "name": "allen-multipurpose-responsive-prestashop-theme",
    "sales": 39,
    "source": "themeforest",
    "title": "Allen - Multipurpose Responsive Prestashop Theme",
    "updated_at": "2015-11-06 00:00:00",
    "url": "https://themeforest.net/item/allen-multipurpose-responsive-prestashop-theme/13474346?s_rank=449",
    "versions": {}
  },
  {
    "comments": 11,
    "created_at": "2015-05-21 00:00:00",
    "deleted_at": null,
    "name": "galio-mega-shop-responsive-prestashop-theme",
    "sales": 39,
    "source": "themeforest",
    "title": "Galio - Mega Shop Responsive Prestashop Theme",
    "updated_at": "2015-05-21 00:00:00",
    "url": "https://themeforest.net/item/galio-mega-shop-responsive-prestashop-theme/11467246?s_rank=636",
    "versions": {}
  },
  {
    "comments": 9,
    "created_at": "2014-04-11 00:00:00",
    "deleted_at": null,
    "name": "all-in-1-psd-template-multipurpose-business-",
    "sales": 39,
    "source": "themeforest",
    "title": "All in 1 - PSD Template. | Multi-Purpose Business ",
    "updated_at": "2015-01-28 00:00:00",
    "url": "https://themeforest.net/item/all-in-1-psd-template-multipurpose-business-/7434345?s_rank=830",
    "versions": {}
  },
  {
    "comments": 10,
    "created_at": "2014-10-21 00:00:00",
    "deleted_at": null,
    "name": "leo-star-shop-prestashop",
    "sales": 40,
    "source": "themeforest",
    "title": "Leo Star Shop PrestaShop",
    "updated_at": "2016-07-20 00:00:00",
    "url": "https://themeforest.net/item/leo-star-shop-prestashop/9209977?s_rank=213",
    "versions": {}
  },
  {
    "comments": 9,
    "created_at": "2016-01-14 00:00:00",
    "deleted_at": null,
    "name": "stepre-multipurpose-responsive-prestashop-theme",
    "sales": 40,
    "source": "themeforest",
    "title": "Stepre - Multipurpose Responsive Prestashop Theme",
    "updated_at": "2016-01-14 00:00:00",
    "url": "https://themeforest.net/item/stepre-multipurpose-responsive-prestashop-theme/14350662?s_rank=374",
    "versions": {}
  },
  {
    "comments": 6,
    "created_at": "2015-07-24 00:00:00",
    "deleted_at": null,
    "name": "leo-chopin-responsive-prestashop-theme",
    "sales": 40,
    "source": "themeforest",
    "title": "Leo Chopin Responsive Prestashop Theme",
    "updated_at": "2016-07-16 00:00:00",
    "url": "https://themeforest.net/item/leo-chopin-responsive-prestashop-theme/12186341?s_rank=446",
    "versions": {}
  },
  {
    "comments": 12,
    "created_at": "2015-05-08 00:00:00",
    "deleted_at": null,
    "name": "leo-pets-house-prestashop-theme",
    "sales": 40,
    "source": "themeforest",
    "title": "Leo Pet's House Prestashop Theme",
    "updated_at": "2016-07-16 00:00:00",
    "url": "https://themeforest.net/item/leo-pets-house-prestashop-theme/11360884?s_rank=468",
    "versions": {}
  },
  {
    "comments": 6,
    "created_at": "2016-02-03 00:00:00",
    "deleted_at": null,
    "name": "james-responsive-prestashop-shoes-store-theme",
    "sales": 40,
    "source": "themeforest",
    "title": "James - Responsive Prestashop Shoes Store Theme",
    "updated_at": "2016-02-03 00:00:00",
    "url": "https://themeforest.net/item/james-responsive-prestashop-shoes-store-theme/14660332?s_rank=572",
    "versions": {}
  },
  {
    "comments": 8,
    "created_at": "2016-05-31 00:00:00",
    "deleted_at": null,
    "name": "fsport-responsive-prestashop-theme",
    "sales": 40,
    "source": "themeforest",
    "title": "Fsport - Sport Store Responsive Prestashop Theme",
    "updated_at": "2017-09-08 00:00:00",
    "url": "https://themeforest.net/item/fsport-responsive-prestashop-theme/16179207?s_rank=590",
    "versions": {}
  },
  {
    "comments": 13,
    "created_at": "2016-01-27 00:00:00",
    "deleted_at": null,
    "name": "minoan-multipurpose-responsive-prestashop-theme",
    "sales": 41,
    "source": "themeforest",
    "title": "Minoan - Multipurpose Responsive Prestashop Theme",
    "updated_at": "2016-01-27 00:00:00",
    "url": "https://themeforest.net/item/minoan-multipurpose-responsive-prestashop-theme/14569208?s_rank=294",
    "versions": {}
  },
  {
    "comments": 21,
    "created_at": "2017-01-11 00:00:00",
    "deleted_at": null,
    "name": "jms-pika-a-premium-multi-concept-prestashop-theme",
    "sales": 41,
    "source": "themeforest",
    "title": "JMS Pika - A Premium Multi Concept Prestashop Theme",
    "updated_at": "2017-01-11 00:00:00",
    "url": "https://themeforest.net/item/jms-pika-a-premium-multi-concept-prestashop-theme/19263407?s_rank=367",
    "versions": {}
  },
  {
    "comments": 17,
    "created_at": "2015-10-27 00:00:00",
    "deleted_at": null,
    "name": "express-multipurpose-responsive-prestashop-theme",
    "sales": 41,
    "source": "themeforest",
    "title": "Express - Multipurpose Responsive Prestashop Theme",
    "updated_at": "2015-10-27 00:00:00",
    "url": "https://themeforest.net/item/express-multipurpose-responsive-prestashop-theme/13312159?s_rank=372",
    "versions": {}
  },
  {
    "comments": 17,
    "created_at": "2016-01-27 00:00:00",
    "deleted_at": null,
    "name": "styleshop-premium-responsive-prestashop-theme",
    "sales": 41,
    "source": "themeforest",
    "title": "Styleshop - Premium Responsive Prestashop Theme",
    "updated_at": "2016-12-05 00:00:00",
    "url": "https://themeforest.net/item/styleshop-premium-responsive-prestashop-theme/14539281?s_rank=400",
    "versions": {}
  },
  {
    "comments": 13,
    "created_at": "2015-08-19 00:00:00",
    "deleted_at": null,
    "name": "sns-senia-responsive-prestashop-theme",
    "sales": 41,
    "source": "themeforest",
    "title": "SNS Senia - Responsive Prestashop Theme",
    "updated_at": "2015-08-20 00:00:00",
    "url": "https://themeforest.net/item/sns-senia-responsive-prestashop-theme/12437751?s_rank=404",
    "versions": {}
  },
  {
    "comments": 17,
    "created_at": "2016-05-06 00:00:00",
    "deleted_at": null,
    "name": "bigshoes-responsive-prestashop-theme",
    "sales": 41,
    "source": "themeforest",
    "title": "Bigshoes - Shoes Store Responsive Prestashop Theme",
    "updated_at": "2017-09-11 00:00:00",
    "url": "https://themeforest.net/item/bigshoes-responsive-prestashop-theme/15797692?s_rank=525",
    "versions": {}
  },
  {
    "comments": 9,
    "created_at": "2015-10-14 00:00:00",
    "deleted_at": null,
    "name": "leo-oxygen-responsive-multiple-prestashop-theme",
    "sales": 41,
    "source": "themeforest",
    "title": "Leo Oxygen Responsive Multiple Prestashop Theme",
    "updated_at": "2016-07-18 00:00:00",
    "url": "https://themeforest.net/item/leo-oxygen-responsive-multiple-prestashop-theme/13064636?s_rank=642",
    "versions": {}
  },
  {
    "comments": 10,
    "created_at": "2014-11-12 00:00:00",
    "deleted_at": null,
    "name": "leo-audioresponsive-multipurpose-prestashop-theme",
    "sales": 41,
    "source": "themeforest",
    "title": "Leo Audio-Responsive Multipurpose PrestaShop Theme",
    "updated_at": "2016-07-20 00:00:00",
    "url": "https://themeforest.net/item/leo-audioresponsive-multipurpose-prestashop-theme/9437014?s_rank=644",
    "versions": {}
  },
  {
    "comments": 9,
    "created_at": "2016-05-19 00:00:00",
    "deleted_at": null,
    "name": "hermes-responsive-prestashop-theme",
    "sales": 42,
    "source": "themeforest",
    "title": "Hermes Responsive Prestashop Theme",
    "updated_at": "2016-05-19 00:00:00",
    "url": "https://themeforest.net/item/hermes-responsive-prestashop-theme/15970173?s_rank=159",
    "versions": {}
  },
  {
    "comments": 19,
    "created_at": "2015-03-27 00:00:00",
    "deleted_at": null,
    "name": "happystore-responsive-prestashop-theme",
    "sales": 42,
    "source": "themeforest",
    "title": "HappyStore - Responsive Prestashop Theme",
    "updated_at": "2015-03-27 00:00:00",
    "url": "https://themeforest.net/item/happystore-responsive-prestashop-theme/10914858?s_rank=162",
    "versions": {
      "1.0": {
        "date": "2015-03-28 00:00:00"
      }
    }
  },
  {
    "comments": 11,
    "created_at": "2015-06-16 00:00:00",
    "deleted_at": null,
    "name": "leo-wedding-prestashop-theme",
    "sales": 42,
    "source": "themeforest",
    "title": "Leo Wedding Prestashop Theme",
    "updated_at": "2016-07-16 00:00:00",
    "url": "https://themeforest.net/item/leo-wedding-prestashop-theme/11773725?s_rank=244",
    "versions": {}
  },
  {
    "comments": 13,
    "created_at": "2016-06-22 00:00:00",
    "deleted_at": null,
    "name": "shaeng-multipurpose-responsive-prestashop-theme-",
    "sales": 42,
    "source": "themeforest",
    "title": "Shaeng - Multipurpose Responsive Prestashop Theme ",
    "updated_at": "2016-06-22 00:00:00",
    "url": "https://themeforest.net/item/shaeng-multipurpose-responsive-prestashop-theme-/16435626?s_rank=282",
    "versions": {}
  },
  {
    "comments": 45,
    "created_at": "2016-12-23 00:00:00",
    "deleted_at": null,
    "name": "jms-apollo-responsive-prestashop-theme-17",
    "sales": 42,
    "source": "themeforest",
    "title": "JMS Apollo - Responsive Prestashop 1.6 and 1.7 Theme",
    "updated_at": "2017-03-30 00:00:00",
    "url": "https://themeforest.net/item/jms-apollo-responsive-prestashop-theme-17/19198230?s_rank=442",
    "versions": {}
  },
  {
    "comments": 17,
    "created_at": "2014-08-06 00:00:00",
    "deleted_at": null,
    "name": "leo-exist-theme",
    "sales": 42,
    "source": "themeforest",
    "title": "Leo Exist Theme",
    "updated_at": "2016-07-06 00:00:00",
    "url": "https://themeforest.net/item/leo-exist-theme/8448041?s_rank=762",
    "versions": {}
  },
  {
    "comments": 15,
    "created_at": "2016-05-04 00:00:00",
    "deleted_at": null,
    "name": "alto-responsive-prestashop-theme",
    "sales": 43,
    "source": "themeforest",
    "title": "Alto  Responsive Prestashop Theme",
    "updated_at": "2016-05-13 00:00:00",
    "url": "https://themeforest.net/item/alto-responsive-prestashop-theme/15693543?s_rank=151",
    "versions": {}
  },
  {
    "comments": 19,
    "created_at": "2015-09-06 00:00:00",
    "deleted_at": null,
    "name": "dilima-mega-store-responsive-prestashop-theme",
    "sales": 43,
    "source": "themeforest",
    "title": "Dilima - Mega Store Responsive Prestashop Theme",
    "updated_at": "2016-04-09 00:00:00",
    "url": "https://themeforest.net/item/dilima-mega-store-responsive-prestashop-theme/12665528?s_rank=570",
    "versions": {
      "1.1": {
        "date": "2016-08-04 00:00:00"
      }
    }
  },
  {
    "comments": 30,
    "created_at": "2016-11-22 00:00:00",
    "deleted_at": null,
    "name": "digital-store-specific-prestashop-theme-for-digital-electronics-phones-cameras-and-computers-st",
    "sales": 43,
    "source": "themeforest",
    "title": "Digital Store - Prestashop Theme for Electronics, Phones, Cameras and Computers Stores",
    "updated_at": "2017-08-28 00:00:00",
    "url": "https://themeforest.net/item/digital-store-specific-prestashop-theme-for-digital-electronics-phones-cameras-and-computers-st/18783537?s_rank=592",
    "versions": {}
  },
  {
    "comments": 20,
    "created_at": "2013-09-17 00:00:00",
    "deleted_at": null,
    "name": "shoppik-html-ecommerce-template",
    "sales": 43,
    "source": "themeforest",
    "title": "Shoppik - HTML Ecommerce Template",
    "updated_at": "2015-07-12 00:00:00",
    "url": "https://themeforest.net/item/shoppik-html-ecommerce-template/5626560?s_rank=727",
    "versions": {}
  },
  {
    "comments": 11,
    "created_at": "2015-05-29 00:00:00",
    "deleted_at": null,
    "name": "nimis-ecommerce-shop-html-template",
    "sales": 43,
    "source": "themeforest",
    "title": "Nimis - eCommerce Shop HTML Template",
    "updated_at": "2015-05-29 00:00:00",
    "url": "https://themeforest.net/item/nimis-ecommerce-shop-html-template/11583121?s_rank=738",
    "versions": {}
  },
  {
    "comments": 11,
    "created_at": "2014-02-12 00:00:00",
    "deleted_at": null,
    "name": "royal-ecommerce-psd-template",
    "sales": 43,
    "source": "themeforest",
    "title": "Royal  E-Commerce PSD Template",
    "updated_at": "2014-02-12 00:00:00",
    "url": "https://themeforest.net/item/royal-ecommerce-psd-template/6845020?s_rank=740",
    "versions": {}
  },
  {
    "comments": 16,
    "created_at": "2016-12-06 00:00:00",
    "deleted_at": null,
    "name": "arena-responsive-prestashop-theme",
    "sales": 44,
    "source": "themeforest",
    "title": "Arena - Furniture Responsive Prestashop Theme",
    "updated_at": "2017-09-05 00:00:00",
    "url": "https://themeforest.net/item/arena-responsive-prestashop-theme/19000125?s_rank=170",
    "versions": {}
  },
  {
    "comments": 19,
    "created_at": "2014-07-01 00:00:00",
    "deleted_at": null,
    "name": "leo-shopping-prestashop-theme",
    "sales": 44,
    "source": "themeforest",
    "title": "Leo Shopping Prestashop Theme",
    "updated_at": "2016-07-18 00:00:00",
    "url": "https://themeforest.net/item/leo-shopping-prestashop-theme/8058347?s_rank=233",
    "versions": {}
  },
  {
    "comments": 16,
    "created_at": "2016-01-19 00:00:00",
    "deleted_at": null,
    "name": "bachas-multipurpose-responsive-prestashop-theme",
    "sales": 44,
    "source": "themeforest",
    "title": "Bachas - Multipurpose Responsive Prestashop Theme",
    "updated_at": "2016-01-19 00:00:00",
    "url": "https://themeforest.net/item/bachas-multipurpose-responsive-prestashop-theme/14427224?s_rank=321",
    "versions": {}
  },
  {
    "comments": 12,
    "created_at": "2015-07-02 00:00:00",
    "deleted_at": null,
    "name": "leo-sport-store-prestashop-theme",
    "sales": 44,
    "source": "themeforest",
    "title": "Leo Sport Store Prestashop Theme",
    "updated_at": "2016-07-20 00:00:00",
    "url": "https://themeforest.net/item/leo-sport-store-prestashop-theme/11785023?s_rank=434",
    "versions": {}
  },
  {
    "comments": 23,
    "created_at": "2016-04-01 00:00:00",
    "deleted_at": null,
    "name": "arion-responsive-prestashop-theme",
    "sales": 45,
    "source": "themeforest",
    "title": "Arion Responsive Prestashop Theme",
    "updated_at": "2016-07-06 00:00:00",
    "url": "https://themeforest.net/item/arion-responsive-prestashop-theme/15412020?s_rank=90",
    "versions": {}
  },
  {
    "comments": 24,
    "created_at": "2017-02-15 00:00:00",
    "deleted_at": null,
    "name": "alice-multipurpose-responsive-prestashop-theme",
    "sales": 45,
    "source": "themeforest",
    "title": "Alice - Multipurpose Responsive Prestashop Theme",
    "updated_at": "2017-02-15 00:00:00",
    "url": "https://themeforest.net/item/alice-multipurpose-responsive-prestashop-theme/19461117?s_rank=126",
    "versions": {}
  },
  {
    "comments": 23,
    "created_at": "2016-10-30 00:00:00",
    "deleted_at": null,
    "name": "faster-responsive-prestashop-theme",
    "sales": 45,
    "source": "themeforest",
    "title": "Faster - Shopping Responsive Prestashop Theme",
    "updated_at": "2017-09-06 00:00:00",
    "url": "https://themeforest.net/item/faster-responsive-prestashop-theme/18459433?s_rank=189",
    "versions": {}
  },
  {
    "comments": 25,
    "created_at": "2015-06-15 00:00:00",
    "deleted_at": null,
    "name": "sns-nazic-responsive-prestashop-theme",
    "sales": 45,
    "source": "themeforest",
    "title": "SNS Nazic - Responsive Prestashop Theme",
    "updated_at": "2015-06-15 00:00:00",
    "url": "https://themeforest.net/item/sns-nazic-responsive-prestashop-theme/11740681?s_rank=405",
    "versions": {}
  },
  {
    "comments": 16,
    "created_at": "2014-12-16 00:00:00",
    "deleted_at": null,
    "name": "pts-trustmart-multiple-prestashop-themes",
    "sales": 45,
    "source": "themeforest",
    "title": "Pts Trustmart - Multiple Prestashop Themes",
    "updated_at": "2017-07-05 00:00:00",
    "url": "https://themeforest.net/item/pts-trustmart-multiple-prestashop-themes/9781587?s_rank=477",
    "versions": {}
  },
  {
    "comments": 7,
    "created_at": "2016-02-12 00:00:00",
    "deleted_at": null,
    "name": "selphy-mega-shop-responsive-prestashop-theme",
    "sales": 45,
    "source": "themeforest",
    "title": "Selphy - Mega Shop Responsive Prestashop Theme",
    "updated_at": "2016-02-12 00:00:00",
    "url": "https://themeforest.net/item/selphy-mega-shop-responsive-prestashop-theme/14800125?s_rank=571",
    "versions": {}
  },
  {
    "comments": 11,
    "created_at": "2015-10-01 00:00:00",
    "deleted_at": null,
    "name": "jakiro-fashion-psd-template",
    "sales": 46,
    "source": "themeforest",
    "title": "Jakiro - Fashion PSD Template",
    "updated_at": "2016-03-12 00:00:00",
    "url": "https://themeforest.net/item/jakiro-fashion-psd-template/12988683?s_rank=820",
    "versions": {}
  },
  {
    "comments": 53,
    "created_at": "2016-10-29 00:00:00",
    "deleted_at": null,
    "name": "boom-fashion-accessories-prestashop-theme",
    "sales": 47,
    "source": "themeforest",
    "title": "Boom - Fashion & Accessories Prestashop Theme",
    "updated_at": "2017-09-12 00:00:00",
    "url": "https://themeforest.net/item/boom-fashion-accessories-prestashop-theme/18427088?s_rank=167",
    "versions": {}
  },
  {
    "comments": 12,
    "created_at": "2016-03-19 00:00:00",
    "deleted_at": null,
    "name": "leo-frozen-responsive-prestashop-theme",
    "sales": 47,
    "source": "themeforest",
    "title": "Leo Frozen Responsive Prestashop Theme",
    "updated_at": "2016-07-08 00:00:00",
    "url": "https://themeforest.net/item/leo-frozen-responsive-prestashop-theme/15292010?s_rank=364",
    "versions": {}
  },
  {
    "comments": 16,
    "created_at": "2016-04-09 00:00:00",
    "deleted_at": null,
    "name": "muto-mega-shop-responsive-prestashop-theme",
    "sales": 47,
    "source": "themeforest",
    "title": "Muto - Mega Shop Responsive Prestashop Theme",
    "updated_at": "2016-04-10 00:00:00",
    "url": "https://themeforest.net/item/muto-mega-shop-responsive-prestashop-theme/15449192?s_rank=496",
    "versions": {}
  },
  {
    "comments": 12,
    "created_at": "2016-07-20 00:00:00",
    "deleted_at": null,
    "name": "carparts-responsive-prestashop-theme",
    "sales": 47,
    "source": "themeforest",
    "title": "Carparts - Auto Mechanic Responsive Prestashop Theme",
    "updated_at": "2017-09-08 00:00:00",
    "url": "https://themeforest.net/item/carparts-responsive-prestashop-theme/16702892?s_rank=550",
    "versions": {}
  },
  {
    "comments": 3,
    "created_at": "2013-01-23 00:00:00",
    "deleted_at": null,
    "name": "essential-modern-store-shopping-design",
    "sales": 47,
    "source": "themeforest",
    "title": "Essential - Modern Store / Shopping Design",
    "updated_at": "2013-01-23 00:00:00",
    "url": "https://themeforest.net/item/essential-modern-store-shopping-design/3849194?s_rank=831",
    "versions": {}
  },
  {
    "comments": 13,
    "created_at": "2015-09-24 00:00:00",
    "deleted_at": null,
    "name": "pts-braveshop-prestashop-theme",
    "sales": 48,
    "source": "themeforest",
    "title": "Pts BraveShop Prestashop Theme",
    "updated_at": "2017-08-05 00:00:00",
    "url": "https://themeforest.net/item/pts-braveshop-prestashop-theme/12938723?s_rank=194",
    "versions": {}
  },
  {
    "comments": 13,
    "created_at": "2016-09-15 00:00:00",
    "deleted_at": null,
    "name": "tuoring-multipurpose-responsive-prestashop-theme",
    "sales": 48,
    "source": "themeforest",
    "title": "Tuoring - Multipurpose Responsive Prestashop Theme",
    "updated_at": "2016-09-15 00:00:00",
    "url": "https://themeforest.net/item/tuoring-multipurpose-responsive-prestashop-theme/17617860?s_rank=215",
    "versions": {}
  },
  {
    "comments": 16,
    "created_at": "2016-07-05 00:00:00",
    "deleted_at": null,
    "name": "paco-responsive-multipurpose-prestashop-theme",
    "sales": 48,
    "source": "themeforest",
    "title": "Paco - Responsive Multipurpose Prestashop Theme",
    "updated_at": "2017-02-04 00:00:00",
    "url": "https://themeforest.net/item/paco-responsive-multipurpose-prestashop-theme/16605519?s_rank=230",
    "versions": {}
  },
  {
    "comments": 32,
    "created_at": "2015-04-18 00:00:00",
    "deleted_at": null,
    "name": "sns-paris-responsive-prestashop-theme",
    "sales": 48,
    "source": "themeforest",
    "title": "SNS Paris - Responsive Prestashop Theme",
    "updated_at": "2015-04-18 00:00:00",
    "url": "https://themeforest.net/item/sns-paris-responsive-prestashop-theme/11152567?s_rank=309",
    "versions": {}
  },
  {
    "comments": 12,
    "created_at": "2015-08-19 00:00:00",
    "deleted_at": null,
    "name": "leo-vanis-fashion-responsive-prestashop-theme-",
    "sales": 48,
    "source": "themeforest",
    "title": "Leo Vanis Fashion Responsive Prestashop Theme",
    "updated_at": "2017-08-31 00:00:00",
    "url": "https://themeforest.net/item/leo-vanis-fashion-responsive-prestashop-theme-/12435893?s_rank=584",
    "versions": {}
  },
  {
    "comments": 12,
    "created_at": "2015-03-13 00:00:00",
    "deleted_at": null,
    "name": "-ozeo-responsive-prestashop-theme-",
    "sales": 49,
    "source": "themeforest",
    "title": " Ozeo - Responsive Prestashop Theme ",
    "updated_at": "2015-03-13 00:00:00",
    "url": "https://themeforest.net/item/-ozeo-responsive-prestashop-theme-/10714571?s_rank=192",
    "versions": {
      "1.0": {
        "date": "2015-03-13 00:00:00"
      }
    }
  },
  {
    "comments": 15,
    "created_at": "2017-01-10 00:00:00",
    "deleted_at": null,
    "name": "lingerie-shop-responsive-prestashop-theme",
    "sales": 49,
    "source": "themeforest",
    "title": "Lingerie Shop - Responsive Prestashop Theme",
    "updated_at": "2017-09-03 00:00:00",
    "url": "https://themeforest.net/item/lingerie-shop-responsive-prestashop-theme/19153411?s_rank=193",
    "versions": {}
  },
  {
    "comments": 19,
    "created_at": "2016-03-09 00:00:00",
    "deleted_at": null,
    "name": "mediacenter-electronics-store-prestashop-theme",
    "sales": 49,
    "source": "themeforest",
    "title": "MediaCenter - Electronics Store Prestashop Theme",
    "updated_at": "2016-03-09 00:00:00",
    "url": "https://themeforest.net/item/mediacenter-electronics-store-prestashop-theme/15138710?s_rank=304",
    "versions": {}
  },
  {
    "comments": 4,
    "created_at": "2016-05-05 00:00:00",
    "deleted_at": null,
    "name": "jms-alesia-premium-responsive-prestashop-theme",
    "sales": 49,
    "source": "themeforest",
    "title": "JMS Alesia - Premium Responsive Prestashop Theme",
    "updated_at": "2016-06-07 00:00:00",
    "url": "https://themeforest.net/item/jms-alesia-premium-responsive-prestashop-theme/15695593?s_rank=575",
    "versions": {}
  },
  {
    "comments": 14,
    "created_at": "2017-02-07 00:00:00",
    "deleted_at": null,
    "name": "food-shop-responsive-prestashop-theme",
    "sales": 50,
    "source": "themeforest",
    "title": "Organic Food - Responsive Prestashop Theme",
    "updated_at": "2017-09-03 00:00:00",
    "url": "https://themeforest.net/item/food-shop-responsive-prestashop-theme/19360968?s_rank=99",
    "versions": {}
  },
  {
    "comments": 12,
    "created_at": "2015-03-05 00:00:00",
    "deleted_at": null,
    "name": "evolve-responsive-prestashop-theme",
    "sales": 50,
    "source": "themeforest",
    "title": "Evolve  - Responsive Prestashop Theme",
    "updated_at": "2015-03-05 00:00:00",
    "url": "https://themeforest.net/item/evolve-responsive-prestashop-theme/10611542?s_rank=134",
    "versions": {
      "1.0": {
        "date": "2015-06-03 00:00:00"
      }
    }
  },
  {
    "comments": 16,
    "created_at": "2017-01-18 00:00:00",
    "deleted_at": null,
    "name": "valeri-responsive-prestashop-theme-for-beauty-spa-and-salons",
    "sales": 50,
    "source": "themeforest",
    "title": "Valeri - Responsive Prestashop Theme for Beauty SPA and Salons",
    "updated_at": "2017-02-21 00:00:00",
    "url": "https://themeforest.net/item/valeri-responsive-prestashop-theme-for-beauty-spa-and-salons/19290487?s_rank=335",
    "versions": {}
  },
  {
    "comments": 8,
    "created_at": "2015-10-27 00:00:00",
    "deleted_at": null,
    "name": "hitstore-responsive-hitech-prestashop-theme",
    "sales": 50,
    "source": "themeforest",
    "title": "HitStore - Responsive Hitech Prestashop Theme",
    "updated_at": "2016-06-08 00:00:00",
    "url": "https://themeforest.net/item/hitstore-responsive-hitech-prestashop-theme/13313969?s_rank=407",
    "versions": {}
  },
  {
    "comments": 21,
    "created_at": "2017-08-24 00:00:00",
    "deleted_at": null,
    "name": "fastest-plus-smart-responsive-prestashop-17-fashionshoppinggrocery-multi-purpose12-homes",
    "sales": 51,
    "source": "themeforest",
    "title": "Fastest Plus - Smart Responsive PrestaShop 1.7 , Fashion,Shopping,Grocery - Multi Purpose(12 Homes)",
    "updated_at": "2017-09-11 00:00:00",
    "url": "https://themeforest.net/item/fastest-plus-smart-responsive-prestashop-17-fashionshoppinggrocery-multi-purpose12-homes/20408083?s_rank=204",
    "versions": {}
  },
  {
    "comments": 12,
    "created_at": "2016-09-29 00:00:00",
    "deleted_at": null,
    "name": "shop-town-multipurpose-prestashop-theme",
    "sales": 51,
    "source": "themeforest",
    "title": "Shop Town - Multipurpose Prestashop Theme",
    "updated_at": "2016-10-07 00:00:00",
    "url": "https://themeforest.net/item/shop-town-multipurpose-prestashop-theme/18123117?s_rank=231",
    "versions": {}
  },
  {
    "comments": 12,
    "created_at": "2016-05-05 00:00:00",
    "deleted_at": null,
    "name": "vonia-multipurpose-responsive-prestashop-theme",
    "sales": 51,
    "source": "themeforest",
    "title": "Vonia  - Multipurpose Responsive Prestashop Theme",
    "updated_at": "2017-06-28 00:00:00",
    "url": "https://themeforest.net/item/vonia-multipurpose-responsive-prestashop-theme/15774117?s_rank=264",
    "versions": {}
  },
  {
    "comments": 39,
    "created_at": "2012-10-31 00:00:00",
    "deleted_at": null,
    "name": "shopcart-prestashop-enhance-user-experience",
    "sales": 51,
    "source": "themeforest",
    "title": "Shopcart Prestashop - Enhance User Experience!",
    "updated_at": "2013-05-28 00:00:00",
    "url": "https://themeforest.net/item/shopcart-prestashop-enhance-user-experience/3309907?s_rank=466",
    "versions": {}
  },
  {
    "comments": 8,
    "created_at": "2016-11-18 00:00:00",
    "deleted_at": null,
    "name": "t90-fashion-responsive-prestashop-theme",
    "sales": 52,
    "source": "themeforest",
    "title": "T90 - Fashion Responsive Prestashop Theme",
    "updated_at": "2016-11-18 00:00:00",
    "url": "https://themeforest.net/item/t90-fashion-responsive-prestashop-theme/18827859?s_rank=177",
    "versions": {}
  },
  {
    "comments": 24,
    "created_at": "2015-01-16 00:00:00",
    "deleted_at": null,
    "name": "blanco-fluid-responsive-prestashop-theme",
    "sales": 52,
    "source": "themeforest",
    "title": "Blanco - Fluid Responsive PrestaShop Theme",
    "updated_at": "2015-10-15 00:00:00",
    "url": "https://themeforest.net/item/blanco-fluid-responsive-prestashop-theme/10048012?s_rank=299",
    "versions": {}
  },
  {
    "comments": 49,
    "created_at": "2016-12-27 00:00:00",
    "deleted_at": null,
    "name": "cosmetics-store-specific-prestashop-theme-for-cosmetics-health-and-beauty-stores",
    "sales": 52,
    "source": "themeforest",
    "title": "Cosmetics Store - Specific Prestashop Theme for cosmetics, Health and Beauty Stores",
    "updated_at": "2017-08-25 00:00:00",
    "url": "https://themeforest.net/item/cosmetics-store-specific-prestashop-theme-for-cosmetics-health-and-beauty-stores/19189195?s_rank=559",
    "versions": {}
  },
  {
    "comments": 14,
    "created_at": "2014-12-16 00:00:00",
    "deleted_at": null,
    "name": "vitesse-responsive-multi-store-prestashop-theme",
    "sales": 52,
    "source": "themeforest",
    "title": "Vitesse - Responsive Multi Store Prestashop Theme",
    "updated_at": "2014-12-16 00:00:00",
    "url": "https://themeforest.net/item/vitesse-responsive-multi-store-prestashop-theme/9769737?s_rank=579",
    "versions": {
      "1.0": {
        "date": "2014-12-13 00:00:00"
      }
    }
  },
  {
    "comments": 12,
    "created_at": "2015-07-02 00:00:00",
    "deleted_at": null,
    "name": "claudine-sass-bootstrap-3-prestashop-theme",
    "sales": 52,
    "source": "themeforest",
    "title": "Claudine - SASS Bootstrap 3 PrestaShop Theme",
    "updated_at": "2015-07-15 00:00:00",
    "url": "https://themeforest.net/item/claudine-sass-bootstrap-3-prestashop-theme/11866118?s_rank=639",
    "versions": {}
  },
  {
    "comments": 19,
    "created_at": "2016-11-01 00:00:00",
    "deleted_at": null,
    "name": "athena-with-15-homepages-responsive-prestashop-theme",
    "sales": 53,
    "source": "themeforest",
    "title": "Athena - With 15 + Homepages  Responsive Prestashop Theme",
    "updated_at": "2017-01-05 00:00:00",
    "url": "https://themeforest.net/item/athena-with-15-homepages-responsive-prestashop-theme/18499183?s_rank=389",
    "versions": {}
  },
  {
    "comments": 21,
    "created_at": "2016-09-02 00:00:00",
    "deleted_at": null,
    "name": "oxelar-new-theme-for-prestashop-with-new-styles",
    "sales": 53,
    "source": "themeforest",
    "title": "Oxelar - New Theme for Prestashop with New Styles",
    "updated_at": "2016-09-02 00:00:00",
    "url": "https://themeforest.net/item/oxelar-new-theme-for-prestashop-with-new-styles/17728311?s_rank=409",
    "versions": {}
  },
  {
    "comments": 10,
    "created_at": "2017-01-05 00:00:00",
    "deleted_at": null,
    "name": "estore-responsive-prestashop-theme",
    "sales": 54,
    "source": "themeforest",
    "title": "Estore - Responsive Prestashop Theme",
    "updated_at": "2017-01-05 00:00:00",
    "url": "https://themeforest.net/item/estore-responsive-prestashop-theme/19259186?s_rank=34",
    "versions": {}
  },
  {
    "comments": 9,
    "created_at": "2015-04-17 00:00:00",
    "deleted_at": null,
    "name": "optimal-prestashop-responsive-theme",
    "sales": 54,
    "source": "themeforest",
    "title": "Optimal - Prestashop Responsive Theme",
    "updated_at": "2015-12-01 00:00:00",
    "url": "https://themeforest.net/item/optimal-prestashop-responsive-theme/11144392?s_rank=209",
    "versions": {}
  },
  {
    "comments": 16,
    "created_at": "2015-10-21 00:00:00",
    "deleted_at": null,
    "name": "maroko-responsive-prestashop-fashion-theme",
    "sales": 54,
    "source": "themeforest",
    "title": "Maroko - Responsive Prestashop Fashion Theme",
    "updated_at": "2015-10-21 00:00:00",
    "url": "https://themeforest.net/item/maroko-responsive-prestashop-fashion-theme/13203599?s_rank=259",
    "versions": {}
  },
  {
    "comments": 11,
    "created_at": "2015-11-17 00:00:00",
    "deleted_at": null,
    "name": "beestore-responsive-prestashop-kids-theme",
    "sales": 54,
    "source": "themeforest",
    "title": "BeeStore - Responsive Prestashop Kids Theme",
    "updated_at": "2015-11-17 00:00:00",
    "url": "https://themeforest.net/item/beestore-responsive-prestashop-kids-theme/13574591?s_rank=330",
    "versions": {}
  },
  {
    "comments": 13,
    "created_at": "2015-11-17 00:00:00",
    "deleted_at": null,
    "name": "leo-alaska-responsive-prestashop-theme",
    "sales": 54,
    "source": "themeforest",
    "title": "Leo Alaska Responsive Prestashop Theme",
    "updated_at": "2017-08-24 00:00:00",
    "url": "https://themeforest.net/item/leo-alaska-responsive-prestashop-theme/13562393?s_rank=383",
    "versions": {}
  },
  {
    "comments": 21,
    "created_at": "2014-05-01 00:00:00",
    "deleted_at": null,
    "name": "-shine-responsive-multipurpose-prestashop-theme",
    "sales": 54,
    "source": "themeforest",
    "title": "Shine - Responsive Multipurpose PrestaShop Theme",
    "updated_at": "2017-07-05 00:00:00",
    "url": "https://themeforest.net/item/-shine-responsive-multipurpose-prestashop-theme/7595239?s_rank=387",
    "versions": {}
  },
  {
    "comments": 17,
    "created_at": "2016-04-02 00:00:00",
    "deleted_at": null,
    "name": "sportwear-multi-purpose-responsive-prestashop-theme-",
    "sales": 54,
    "source": "themeforest",
    "title": "Sportwear - Multi Purpose Responsive PrestaShop Theme ",
    "updated_at": "2016-06-18 00:00:00",
    "url": "https://themeforest.net/item/sportwear-multi-purpose-responsive-prestashop-theme-/15130778?s_rank=457",
    "versions": {}
  },
  {
    "comments": 20,
    "created_at": "2014-02-26 00:00:00",
    "deleted_at": null,
    "name": "-doll-store-responsive-prestashop-theme",
    "sales": 54,
    "source": "themeforest",
    "title": " Doll Store Responsive Prestashop Theme",
    "updated_at": "2014-03-25 00:00:00",
    "url": "https://themeforest.net/item/-doll-store-responsive-prestashop-theme/6944702?s_rank=460",
    "versions": {
      "1.0": {
        "date": "2014-02-22 00:00:00"
      },
      "1.6": {
        "date": "2014-01-04 00:00:00"
      }
    }
  },
  {
    "comments": 26,
    "created_at": "2014-01-21 00:00:00",
    "deleted_at": null,
    "name": "aries-responsive-prestashop-theme",
    "sales": 55,
    "source": "themeforest",
    "title": "Aries - Responsive Prestashop Theme",
    "updated_at": "2016-01-18 00:00:00",
    "url": "https://themeforest.net/item/aries-responsive-prestashop-theme/6642401?s_rank=216",
    "versions": {
      "1.0": {
        "date": "2014-01-20 00:00:00"
      },
      "1.1": {
        "date": "2013-01-24 00:00:00"
      },
      "1.3": {
        "date": "2016-01-16 00:00:00"
      },
      "1.6": {
        "date": "2014-03-25 00:00:00"
      }
    }
  },
  {
    "comments": 15,
    "created_at": "2015-05-13 00:00:00",
    "deleted_at": null,
    "name": "sns-avaz-responsive-prestashop-theme",
    "sales": 55,
    "source": "themeforest",
    "title": "SNS Avaz - Responsive Prestashop Theme",
    "updated_at": "2015-06-05 00:00:00",
    "url": "https://themeforest.net/item/sns-avaz-responsive-prestashop-theme/11420133?s_rank=440",
    "versions": {}
  },
  {
    "comments": 30,
    "created_at": "2016-01-26 00:00:00",
    "deleted_at": null,
    "name": "baby-storeprestashop-theme",
    "sales": 56,
    "source": "themeforest",
    "title": "Baby Store-PrestaShop theme",
    "updated_at": "2016-01-26 00:00:00",
    "url": "https://themeforest.net/item/baby-storeprestashop-theme/14495066?s_rank=100",
    "versions": {}
  },
  {
    "comments": 37,
    "created_at": "2015-09-09 00:00:00",
    "deleted_at": null,
    "name": "atom-responsive-multipurpose-prestashop-theme",
    "sales": 56,
    "source": "themeforest",
    "title": "Atom - Responsive Multipurpose Prestashop Theme",
    "updated_at": "2016-11-02 00:00:00",
    "url": "https://themeforest.net/item/atom-responsive-multipurpose-prestashop-theme/12712363?s_rank=326",
    "versions": {}
  },
  {
    "comments": 14,
    "created_at": "2016-10-12 00:00:00",
    "deleted_at": null,
    "name": "home-market-creative-modern-flexible-responsive-ecommerce-html-template",
    "sales": 56,
    "source": "themeforest",
    "title": "Home Market | Creative - Modern - Flexible Responsive eCommerce  HTML Template",
    "updated_at": "2017-05-20 00:00:00",
    "url": "https://themeforest.net/item/home-market-creative-modern-flexible-responsive-ecommerce-html-template/18156182?s_rank=782",
    "versions": {}
  },
  {
    "comments": 29,
    "created_at": "2017-07-13 00:00:00",
    "deleted_at": null,
    "name": "emarket-flexible-responsive-prestashop-17-theme",
    "sales": 58,
    "source": "themeforest",
    "title": "E-market - Flexible Responsive PrestaShop 1.7 Theme",
    "updated_at": "2017-09-06 00:00:00",
    "url": "https://themeforest.net/item/emarket-flexible-responsive-prestashop-17-theme/20207551?s_rank=35",
    "versions": {}
  },
  {
    "comments": 9,
    "created_at": "2015-04-16 00:00:00",
    "deleted_at": null,
    "name": "primave-responsive-prestashop-theme",
    "sales": 58,
    "source": "themeforest",
    "title": "Primave - Responsive Prestashop Theme",
    "updated_at": "2015-04-16 00:00:00",
    "url": "https://themeforest.net/item/primave-responsive-prestashop-theme/11109814?s_rank=145",
    "versions": {}
  },
  {
    "comments": 11,
    "created_at": "2015-07-09 00:00:00",
    "deleted_at": null,
    "name": "zonker-responsive-prestashop-fashion-theme",
    "sales": 58,
    "source": "themeforest",
    "title": "Zonker - Responsive Prestashop Fashion Theme",
    "updated_at": "2015-07-09 00:00:00",
    "url": "https://themeforest.net/item/zonker-responsive-prestashop-fashion-theme/11965879?s_rank=325",
    "versions": {}
  },
  {
    "comments": 25,
    "created_at": "2016-06-16 00:00:00",
    "deleted_at": null,
    "name": "imart-multipurpose-prestashop-theme",
    "sales": 58,
    "source": "themeforest",
    "title": "iMart - Multipurpose Prestashop Theme 1.6 and 1.7",
    "updated_at": "2017-08-11 00:00:00",
    "url": "https://themeforest.net/item/imart-multipurpose-prestashop-theme/15779686?s_rank=454",
    "versions": {}
  },
  {
    "comments": 24,
    "created_at": "2015-09-24 00:00:00",
    "deleted_at": null,
    "name": "hera-responsive-prestashop-theme",
    "sales": 58,
    "source": "themeforest",
    "title": "Hera - Shopping Cosmetic, Food Responsive Prestashop Theme",
    "updated_at": "2017-09-08 00:00:00",
    "url": "https://themeforest.net/item/hera-responsive-prestashop-theme/12420504?s_rank=543",
    "versions": {}
  },
  {
    "comments": 10,
    "created_at": "2015-11-04 00:00:00",
    "deleted_at": null,
    "name": "leo-healthy-care-prestashop-multiple-theme",
    "sales": 58,
    "source": "themeforest",
    "title": "Leo Healthy Care Prestashop Multiple Theme",
    "updated_at": "2016-07-06 00:00:00",
    "url": "https://themeforest.net/item/leo-healthy-care-prestashop-multiple-theme/13377247?s_rank=558",
    "versions": {}
  },
  {
    "comments": 15,
    "created_at": "2016-09-15 00:00:00",
    "deleted_at": null,
    "name": "pts-fresh-responsive-food-restaurant-prestashop-theme",
    "sales": 58,
    "source": "themeforest",
    "title": "Pts Fresh - Responsive Food & Restaurant Prestashop 1.6 & 1.7 Theme",
    "updated_at": "2017-07-17 00:00:00",
    "url": "https://themeforest.net/item/pts-fresh-responsive-food-restaurant-prestashop-theme/17585066?s_rank=656",
    "versions": {}
  },
  {
    "comments": 18,
    "created_at": "2015-12-09 00:00:00",
    "deleted_at": null,
    "name": "hurama-multipurpose-responsive-prestashop-theme",
    "sales": 59,
    "source": "themeforest",
    "title": "Hurama - Multipurpose Responsive Prestashop Theme",
    "updated_at": "2017-02-04 00:00:00",
    "url": "https://themeforest.net/item/hurama-multipurpose-responsive-prestashop-theme/13868443?s_rank=286",
    "versions": {}
  },
  {
    "comments": 25,
    "created_at": "2013-07-17 00:00:00",
    "deleted_at": null,
    "name": "smarty-",
    "sales": 59,
    "source": "themeforest",
    "title": "Smarty ",
    "updated_at": "2013-07-27 00:00:00",
    "url": "https://themeforest.net/item/smarty-/5189813?s_rank=765",
    "versions": {}
  },
  {
    "comments": 24,
    "created_at": "2015-08-18 00:00:00",
    "deleted_at": null,
    "name": "malias-responsive-prestashop-theme",
    "sales": 60,
    "source": "themeforest",
    "title": "Malias - Responsive Prestashop Theme",
    "updated_at": "2017-05-16 00:00:00",
    "url": "https://themeforest.net/item/malias-responsive-prestashop-theme/12413370?s_rank=125",
    "versions": {}
  },
  {
    "comments": 35,
    "created_at": "2016-02-23 00:00:00",
    "deleted_at": null,
    "name": "jms-midnight-responsive-prestashop-theme",
    "sales": 60,
    "source": "themeforest",
    "title": "JMS MidNight - Responsive Prestashop Theme",
    "updated_at": "2016-02-23 00:00:00",
    "url": "https://themeforest.net/item/jms-midnight-responsive-prestashop-theme/14815020?s_rank=196",
    "versions": {}
  },
  {
    "comments": 31,
    "created_at": "2017-05-25 00:00:00",
    "deleted_at": null,
    "name": "oregon-responsive-prestashop-theme",
    "sales": 61,
    "source": "themeforest",
    "title": "Oregon - Responsive Prestashop Theme",
    "updated_at": "2017-08-31 00:00:00",
    "url": "https://themeforest.net/item/oregon-responsive-prestashop-theme/20026331?s_rank=3",
    "versions": {}
  },
  {
    "comments": 17,
    "created_at": "2017-03-25 00:00:00",
    "deleted_at": null,
    "name": "jms-minimal-responsive-prestashop-theme",
    "sales": 61,
    "source": "themeforest",
    "title": "JMS Minimal - Responsive Prestashop Theme",
    "updated_at": "2017-09-15 00:00:00",
    "url": "https://themeforest.net/item/jms-minimal-responsive-prestashop-theme/19600186?s_rank=47",
    "versions": {}
  },
  {
    "comments": 16,
    "created_at": "2015-03-25 00:00:00",
    "deleted_at": null,
    "name": "pts-plaza-shop-prestashop-themes",
    "sales": 61,
    "source": "themeforest",
    "title": "Pts Plaza shop - Prestashop Themes",
    "updated_at": "2015-09-23 00:00:00",
    "url": "https://themeforest.net/item/pts-plaza-shop-prestashop-themes/10790314?s_rank=298",
    "versions": {}
  },
  {
    "comments": 25,
    "created_at": "2016-01-07 00:00:00",
    "deleted_at": null,
    "name": "sns-trella-responsive-prestashop-theme",
    "sales": 61,
    "source": "themeforest",
    "title": "SNS Trella - Responsive Prestashop Theme",
    "updated_at": "2016-03-29 00:00:00",
    "url": "https://themeforest.net/item/sns-trella-responsive-prestashop-theme/14277870?s_rank=332",
    "versions": {}
  },
  {
    "comments": 14,
    "created_at": "2015-03-06 00:00:00",
    "deleted_at": null,
    "name": "madrid-modern-prestashop-theme-with-customizer",
    "sales": 61,
    "source": "themeforest",
    "title": "Madrid - Modern PrestaShop Theme with Customizer",
    "updated_at": "2015-08-29 00:00:00",
    "url": "https://themeforest.net/item/madrid-modern-prestashop-theme-with-customizer/10622581?s_rank=382",
    "versions": {}
  },
  {
    "comments": 19,
    "created_at": "2015-09-02 00:00:00",
    "deleted_at": null,
    "name": "vision-responsive-prestashop-theme",
    "sales": 61,
    "source": "themeforest",
    "title": "Vision - Vest & Dress Fashion Responsive Prestashop Theme",
    "updated_at": "2017-09-08 00:00:00",
    "url": "https://themeforest.net/item/vision-responsive-prestashop-theme/12597500?s_rank=545",
    "versions": {}
  },
  {
    "comments": 19,
    "created_at": "2016-05-20 00:00:00",
    "deleted_at": null,
    "name": "zales-beauty-jewelry-diamond-rings-responsive-prestashop-theme",
    "sales": 61,
    "source": "themeforest",
    "title": "Zales |  Beauty & Jewelry Diamond Rings Responsive Prestashop Theme",
    "updated_at": "2016-05-26 00:00:00",
    "url": "https://themeforest.net/item/zales-beauty-jewelry-diamond-rings-responsive-prestashop-theme/15980956?s_rank=691",
    "versions": {}
  },
  {
    "comments": 16,
    "created_at": "2015-11-21 00:00:00",
    "deleted_at": null,
    "name": "bleute-beauty-spa-hair-wellnesssalon-psd",
    "sales": 61,
    "source": "themeforest",
    "title": "Bleute - Beauty | Spa | Hair | Wellness/Salon PSD",
    "updated_at": "2015-11-21 00:00:00",
    "url": "https://themeforest.net/item/bleute-beauty-spa-hair-wellnesssalon-psd/13634410?s_rank=811",
    "versions": {}
  },
  {
    "comments": 12,
    "created_at": "2016-12-13 00:00:00",
    "deleted_at": null,
    "name": "legend-multipurpose-responsive-prestashop-theme",
    "sales": 62,
    "source": "themeforest",
    "title": "Legend - Multipurpose Responsive Prestashop Theme",
    "updated_at": "2016-12-13 00:00:00",
    "url": "https://themeforest.net/item/legend-multipurpose-responsive-prestashop-theme/19173018?s_rank=135",
    "versions": {}
  },
  {
    "comments": 25,
    "created_at": "2016-01-06 00:00:00",
    "deleted_at": null,
    "name": "leo-emarket-responsive-prestashop-theme",
    "sales": 62,
    "source": "themeforest",
    "title": "Leo Emarket Responsive Prestashop Theme",
    "updated_at": "2016-07-15 00:00:00",
    "url": "https://themeforest.net/item/leo-emarket-responsive-prestashop-theme/14239621?s_rank=257",
    "versions": {}
  },
  {
    "comments": 11,
    "created_at": "2016-12-27 00:00:00",
    "deleted_at": null,
    "name": "wine-store-responsive-prestashop-theme",
    "sales": 62,
    "source": "themeforest",
    "title": "Wine Store - Vineyard Responsive Prestashop Theme",
    "updated_at": "2017-09-05 00:00:00",
    "url": "https://themeforest.net/item/wine-store-responsive-prestashop-theme/19217431?s_rank=311",
    "versions": {}
  },
  {
    "comments": 22,
    "created_at": "2015-06-06 00:00:00",
    "deleted_at": null,
    "name": "lilama-mega-shop-responsive-prestashop-theme",
    "sales": 62,
    "source": "themeforest",
    "title": "Lilama - Mega Shop Responsive Prestashop Theme",
    "updated_at": "2015-06-06 00:00:00",
    "url": "https://themeforest.net/item/lilama-mega-shop-responsive-prestashop-theme/11662626?s_rank=503",
    "versions": {}
  },
  {
    "comments": 18,
    "created_at": "2015-11-24 00:00:00",
    "deleted_at": null,
    "name": "phoebe-responsive-prestashop-theme",
    "sales": 62,
    "source": "themeforest",
    "title": "Phoebe - Shopping Cosmetic, Jewelry Responsive Prestashop Theme",
    "updated_at": "2017-09-08 00:00:00",
    "url": "https://themeforest.net/item/phoebe-responsive-prestashop-theme/13661882?s_rank=519",
    "versions": {}
  },
  {
    "comments": 21,
    "created_at": "2014-11-12 00:00:00",
    "deleted_at": null,
    "name": "bravia-responsive-prestashop-theme",
    "sales": 63,
    "source": "themeforest",
    "title": "Bravia  - Responsive Prestashop Theme",
    "updated_at": "2014-11-12 00:00:00",
    "url": "https://themeforest.net/item/bravia-responsive-prestashop-theme/9447177?s_rank=164",
    "versions": {
      "1.0": {
        "date": "2014-10-12 00:00:00"
      }
    }
  },
  {
    "comments": 16,
    "created_at": "2015-04-18 00:00:00",
    "deleted_at": null,
    "name": "leo-clothing-prestashop-theme",
    "sales": 63,
    "source": "themeforest",
    "title": "Leo Clothing Prestashop Theme",
    "updated_at": "2016-07-18 00:00:00",
    "url": "https://themeforest.net/item/leo-clothing-prestashop-theme/11150151?s_rank=191",
    "versions": {}
  },
  {
    "comments": 25,
    "created_at": "2016-03-11 00:00:00",
    "deleted_at": null,
    "name": "paradise-responsive-multipurpose-prestashop-theme",
    "sales": 63,
    "source": "themeforest",
    "title": "Paradise - Responsive Multipurpose Prestashop Theme",
    "updated_at": "2017-02-04 00:00:00",
    "url": "https://themeforest.net/item/paradise-responsive-multipurpose-prestashop-theme/15163799?s_rank=241",
    "versions": {}
  },
  {
    "comments": 22,
    "created_at": "2015-10-23 00:00:00",
    "deleted_at": null,
    "name": "pts-adela-truly-prestashop-theme",
    "sales": 63,
    "source": "themeforest",
    "title": "Pts Adela - Truly Prestashop theme",
    "updated_at": "2017-08-05 00:00:00",
    "url": "https://themeforest.net/item/pts-adela-truly-prestashop-theme/13291117?s_rank=287",
    "versions": {}
  },
  {
    "comments": 13,
    "created_at": "2015-01-12 00:00:00",
    "deleted_at": null,
    "name": "vita-shop-prestashop-responsive-theme",
    "sales": 63,
    "source": "themeforest",
    "title": "Vita Shop - Prestashop Responsive Theme",
    "updated_at": "2015-12-02 00:00:00",
    "url": "https://themeforest.net/item/vita-shop-prestashop-responsive-theme/9995974?s_rank=356",
    "versions": {}
  },
  {
    "comments": 9,
    "created_at": "2013-12-05 00:00:00",
    "deleted_at": null,
    "name": "wine-shop-prestashop-responsive-theme",
    "sales": 63,
    "source": "themeforest",
    "title": "Wine Shop - Prestashop Responsive Theme",
    "updated_at": "2015-12-08 00:00:00",
    "url": "https://themeforest.net/item/wine-shop-prestashop-responsive-theme/6315174?s_rank=410",
    "versions": {}
  },
  {
    "comments": 26,
    "created_at": "2014-05-21 00:00:00",
    "deleted_at": null,
    "name": "cygnus-responsive-multipurpose-prestashop-theme",
    "sales": 63,
    "source": "themeforest",
    "title": "Cygnus - Responsive Multipurpose Prestashop Theme",
    "updated_at": "2015-02-25 00:00:00",
    "url": "https://themeforest.net/item/cygnus-responsive-multipurpose-prestashop-theme/7794806?s_rank=411",
    "versions": {
      "1.0": {
        "date": "2014-05-20 00:00:00"
      },
      "1.0.1": {
        "date": "2014-10-06 00:00:00"
      },
      "1.2": {
        "date": "2015-02-24 00:00:00"
      }
    }
  },
  {
    "comments": 8,
    "created_at": "2014-04-04 00:00:00",
    "deleted_at": null,
    "name": "flatize-fashion-ecommerce-psd-template",
    "sales": 63,
    "source": "themeforest",
    "title": "Flatize - Fashion eCommerce PSD Template",
    "updated_at": "2014-07-22 00:00:00",
    "url": "https://themeforest.net/item/flatize-fashion-ecommerce-psd-template/7315055?s_rank=737",
    "versions": {}
  },
  {
    "comments": 19,
    "created_at": "2015-05-13 00:00:00",
    "deleted_at": null,
    "name": "pts-media-prestashop-themes",
    "sales": 64,
    "source": "themeforest",
    "title": "Pts Midia - Prestashop Themes",
    "updated_at": "2017-08-05 00:00:00",
    "url": "https://themeforest.net/item/pts-media-prestashop-themes/11342233?s_rank=136",
    "versions": {}
  },
  {
    "comments": 11,
    "created_at": "2014-01-23 00:00:00",
    "deleted_at": null,
    "name": "floral-prestashop-responsive-template",
    "sales": 64,
    "source": "themeforest",
    "title": "Floral - Prestashop Responsive Template",
    "updated_at": "2015-12-04 00:00:00",
    "url": "https://themeforest.net/item/floral-prestashop-responsive-template/6667240?s_rank=186",
    "versions": {}
  },
  {
    "comments": 12,
    "created_at": "2015-11-29 00:00:00",
    "deleted_at": null,
    "name": "velo-bike-store-responsive-html5-template",
    "sales": 64,
    "source": "themeforest",
    "title": "VELO – Bike Store Responsive HTML5 Template",
    "updated_at": "2016-07-22 00:00:00",
    "url": "https://themeforest.net/item/velo-bike-store-responsive-html5-template/13504827?s_rank=812",
    "versions": {}
  },
  {
    "comments": 46,
    "created_at": "2013-03-27 00:00:00",
    "deleted_at": null,
    "name": "mogent-mobile-ready-magento-template",
    "sales": 64,
    "source": "themeforest",
    "title": "Mogent:  Mobile ready Magento template",
    "updated_at": "2014-12-31 00:00:00",
    "url": "https://themeforest.net/item/mogent-mobile-ready-magento-template/4325646?s_rank=822",
    "versions": {}
  },
  {
    "comments": 23,
    "created_at": "2015-05-01 00:00:00",
    "deleted_at": null,
    "name": "assyrian-responsive-fashion-prestashop-theme",
    "sales": 65,
    "source": "themeforest",
    "title": "Assyrian - Responsive Fashion Prestashop Theme",
    "updated_at": "2015-05-01 00:00:00",
    "url": "https://themeforest.net/item/assyrian-responsive-fashion-prestashop-theme/11255891?s_rank=276",
    "versions": {}
  },
  {
    "comments": 20,
    "created_at": "2015-04-07 00:00:00",
    "deleted_at": null,
    "name": "deal-store-responsive-prestashop-theme",
    "sales": 65,
    "source": "themeforest",
    "title": "Deal Store Responsive Prestashop Theme",
    "updated_at": "2016-07-06 00:00:00",
    "url": "https://themeforest.net/item/deal-store-responsive-prestashop-theme/11000285?s_rank=312",
    "versions": {}
  },
  {
    "comments": 39,
    "created_at": "2016-11-24 00:00:00",
    "deleted_at": null,
    "name": "fashionli-fashion-store-prestashop-17-theme",
    "sales": 65,
    "source": "themeforest",
    "title": "Fashionli - Fashion Store PrestaShop 1.7 Theme",
    "updated_at": "2017-08-21 00:00:00",
    "url": "https://themeforest.net/item/fashionli-fashion-store-prestashop-17-theme/18927738?s_rank=437",
    "versions": {}
  },
  {
    "comments": 16,
    "created_at": "2015-08-22 00:00:00",
    "deleted_at": null,
    "name": "kinggym-fitness-gym-and-sport-prestashop-theme",
    "sales": 65,
    "source": "themeforest",
    "title": "Kinggym - Fitness, Gym and Sport Prestashop Theme",
    "updated_at": "2015-08-22 00:00:00",
    "url": "https://themeforest.net/item/kinggym-fitness-gym-and-sport-prestashop-theme/12460999?s_rank=509",
    "versions": {}
  },
  {
    "comments": 18,
    "created_at": "2015-03-12 00:00:00",
    "deleted_at": null,
    "name": "sns-toronto-responsive-prestashop-theme",
    "sales": 66,
    "source": "themeforest",
    "title": "SNS Toronto - Responsive Prestashop Theme",
    "updated_at": "2015-03-20 00:00:00",
    "url": "https://themeforest.net/item/sns-toronto-responsive-prestashop-theme/10699974?s_rank=254",
    "versions": {
      "1.0": {
        "date": "2015-03-20 00:00:00"
      }
    }
  },
  {
    "comments": 26,
    "created_at": "2017-05-06 00:00:00",
    "deleted_at": null,
    "name": "lion-responsive-prestashop-theme",
    "sales": 67,
    "source": "themeforest",
    "title": "Lion - Responsive Prestashop 1.6 and 1.7 Theme",
    "updated_at": "2017-08-04 00:00:00",
    "url": "https://themeforest.net/item/lion-responsive-prestashop-theme/19899127?s_rank=101",
    "versions": {}
  },
  {
    "comments": 28,
    "created_at": "2014-01-31 00:00:00",
    "deleted_at": null,
    "name": "draco-responsive-prestashop-theme",
    "sales": 67,
    "source": "themeforest",
    "title": "Draco - Responsive Prestashop Theme",
    "updated_at": "2014-09-04 00:00:00",
    "url": "https://themeforest.net/item/draco-responsive-prestashop-theme/6685398?s_rank=155",
    "versions": {
      "1.0": {
        "date": "2014-01-25 00:00:00"
      },
      "1.1": {
        "date": "2014-03-26 00:00:00"
      },
      "1.6": {
        "date": "2014-03-25 00:00:00"
      }
    }
  },
  {
    "comments": 16,
    "created_at": "2016-05-07 00:00:00",
    "deleted_at": null,
    "name": "glory-shop-prestashop-multipurpose-theme",
    "sales": 67,
    "source": "themeforest",
    "title": "Glory Shop - Prestashop Multipurpose Theme",
    "updated_at": "2016-05-08 00:00:00",
    "url": "https://themeforest.net/item/glory-shop-prestashop-multipurpose-theme/15846398?s_rank=211",
    "versions": {}
  },
  {
    "comments": 4,
    "created_at": "2013-01-10 00:00:00",
    "deleted_at": null,
    "name": "avena-psd-ecommerce-template",
    "sales": 67,
    "source": "themeforest",
    "title": "Avena PSD eCommerce template",
    "updated_at": "2013-02-10 00:00:00",
    "url": "https://themeforest.net/item/avena-psd-ecommerce-template/3775953?s_rank=796",
    "versions": {}
  },
  {
    "comments": 34,
    "created_at": "2017-01-14 00:00:00",
    "deleted_at": null,
    "name": "pts-foliage-creative-prestashop-17-theme",
    "sales": 68,
    "source": "themeforest",
    "title": "Pts Foliage - Creative Prestashop 1.6 & 1.7",
    "updated_at": "2017-07-25 00:00:00",
    "url": "https://themeforest.net/item/pts-foliage-creative-prestashop-17-theme/19239237?s_rank=340",
    "versions": {}
  },
  {
    "comments": 17,
    "created_at": "2014-05-28 00:00:00",
    "deleted_at": null,
    "name": "alexis-fashion-responsive-prestashop-theme",
    "sales": 68,
    "source": "themeforest",
    "title": "Alexis - Fashion Responsive Prestashop Theme",
    "updated_at": "2014-05-28 00:00:00",
    "url": "https://themeforest.net/item/alexis-fashion-responsive-prestashop-theme/7812313?s_rank=377",
    "versions": {
      "1.0": {
        "date": "2014-05-23 00:00:00"
      }
    }
  },
  {
    "comments": 15,
    "created_at": "2016-11-01 00:00:00",
    "deleted_at": null,
    "name": "prallaxmultipurpose-opencart-template",
    "sales": 68,
    "source": "themeforest",
    "title": "Prallax-Multipurpose OpenCart Template",
    "updated_at": "2016-12-09 00:00:00",
    "url": "https://themeforest.net/item/prallaxmultipurpose-opencart-template/17812221?s_rank=719",
    "versions": {}
  },
  {
    "comments": 32,
    "created_at": "2015-08-26 00:00:00",
    "deleted_at": null,
    "name": "pts-golmart-prestashop-themes",
    "sales": 69,
    "source": "themeforest",
    "title": "Pts GolMart Prestashop Themes",
    "updated_at": "2017-07-05 00:00:00",
    "url": "https://themeforest.net/item/pts-golmart-prestashop-themes/12508567?s_rank=61",
    "versions": {}
  },
  {
    "comments": 14,
    "created_at": "2017-02-23 00:00:00",
    "deleted_at": null,
    "name": "jms-4life-responsive-prestashop-theme",
    "sales": 69,
    "source": "themeforest",
    "title": "JMS 4Life - Responsive Prestashop Theme",
    "updated_at": "2017-03-30 00:00:00",
    "url": "https://themeforest.net/item/jms-4life-responsive-prestashop-theme/19455879?s_rank=95",
    "versions": {}
  },
  {
    "comments": 12,
    "created_at": "2015-11-13 00:00:00",
    "deleted_at": null,
    "name": "pjada-responsive-prestashop-theme",
    "sales": 69,
    "source": "themeforest",
    "title": "Pjada - Furniture Responsive Prestashop Theme",
    "updated_at": "2017-09-08 00:00:00",
    "url": "https://themeforest.net/item/pjada-responsive-prestashop-theme/13505013?s_rank=253",
    "versions": {}
  },
  {
    "comments": 22,
    "created_at": "2016-01-28 00:00:00",
    "deleted_at": null,
    "name": "goetze-multipurpose-responsive-prestashop-theme",
    "sales": 69,
    "source": "themeforest",
    "title": "Goetze  - Multipurpose Responsive Prestashop Theme",
    "updated_at": "2016-01-28 00:00:00",
    "url": "https://themeforest.net/item/goetze-multipurpose-responsive-prestashop-theme/14572913?s_rank=266",
    "versions": {}
  },
  {
    "comments": 14,
    "created_at": "2014-06-17 00:00:00",
    "deleted_at": null,
    "name": "face-art-prestashop-responsive-theme",
    "sales": 69,
    "source": "themeforest",
    "title": "Face Art - Prestashop Responsive Theme",
    "updated_at": "2015-12-03 00:00:00",
    "url": "https://themeforest.net/item/face-art-prestashop-responsive-theme/7989528?s_rank=420",
    "versions": {}
  },
  {
    "comments": 23,
    "created_at": "2016-06-11 00:00:00",
    "deleted_at": null,
    "name": "pts-strollik-single-product-pretashop-theme",
    "sales": 69,
    "source": "themeforest",
    "title": "Pts Strollik - Single Product Pretashop Theme 1.6 and 1.7",
    "updated_at": "2017-08-11 00:00:00",
    "url": "https://themeforest.net/item/pts-strollik-single-product-pretashop-theme/15875727?s_rank=722",
    "versions": {}
  },
  {
    "comments": 18,
    "created_at": "2015-02-11 00:00:00",
    "deleted_at": null,
    "name": "matalo-responsive-prestashop-theme",
    "sales": 70,
    "source": "themeforest",
    "title": "Matalo - Responsive Prestashop Theme",
    "updated_at": "2015-02-11 00:00:00",
    "url": "https://themeforest.net/item/matalo-responsive-prestashop-theme/10336987?s_rank=114",
    "versions": {
      "1.0": {
        "date": "2015-10-02 00:00:00"
      }
    }
  },
  {
    "comments": 22,
    "created_at": "2013-12-13 00:00:00",
    "deleted_at": null,
    "name": "leo-citymart-prestashop-theme",
    "sales": 70,
    "source": "themeforest",
    "title": "Leo Citymart Prestashop Theme",
    "updated_at": "2017-06-14 00:00:00",
    "url": "https://themeforest.net/item/leo-citymart-prestashop-theme/6385726?s_rank=175",
    "versions": {}
  },
  {
    "comments": 25,
    "created_at": "2014-06-12 00:00:00",
    "deleted_at": null,
    "name": "flatro-metro-inspired-flat-prestashop-template-",
    "sales": 70,
    "source": "themeforest",
    "title": "Flatro - Metro Inspired flat PrestaShop Template ",
    "updated_at": "2015-05-07 00:00:00",
    "url": "https://themeforest.net/item/flatro-metro-inspired-flat-prestashop-template-/7956769?s_rank=528",
    "versions": {}
  },
  {
    "comments": 20,
    "created_at": "2015-04-28 00:00:00",
    "deleted_at": null,
    "name": "hoki-ecommerce-psd-template",
    "sales": 70,
    "source": "themeforest",
    "title": "Hoki - eCommerce PSD Template",
    "updated_at": "2016-04-16 00:00:00",
    "url": "https://themeforest.net/item/hoki-ecommerce-psd-template/11225981?s_rank=775",
    "versions": {}
  },
  {
    "comments": 11,
    "created_at": "2015-09-03 00:00:00",
    "deleted_at": null,
    "name": "velo-stunning-bike-store-ecommerce-psd-template",
    "sales": 70,
    "source": "themeforest",
    "title": "Velo - Stunning Bike Store eCommerce PSD Template",
    "updated_at": "2015-09-22 00:00:00",
    "url": "https://themeforest.net/item/velo-stunning-bike-store-ecommerce-psd-template/12598002?s_rank=815",
    "versions": {}
  },
  {
    "comments": 16,
    "created_at": "2016-01-18 00:00:00",
    "deleted_at": null,
    "name": "bleu-responsive-prestashop-theme",
    "sales": 71,
    "source": "themeforest",
    "title": "Bleu Responsive Prestashop Theme",
    "updated_at": "2016-03-15 00:00:00",
    "url": "https://themeforest.net/item/bleu-responsive-prestashop-theme/14422946?s_rank=85",
    "versions": {}
  },
  {
    "comments": 22,
    "created_at": "2015-09-06 00:00:00",
    "deleted_at": null,
    "name": "leo-moto-responsive-prestashop-theme",
    "sales": 71,
    "source": "themeforest",
    "title": "Leo Moto - Responsive Prestashop Theme",
    "updated_at": "2017-06-21 00:00:00",
    "url": "https://themeforest.net/item/leo-moto-responsive-prestashop-theme/12648219?s_rank=271",
    "versions": {}
  },
  {
    "comments": 26,
    "created_at": "2015-01-13 00:00:00",
    "deleted_at": null,
    "name": "rantasy-responsive-prestashop-theme",
    "sales": 72,
    "source": "themeforest",
    "title": "Rantasy - Responsive Prestashop Theme",
    "updated_at": "2015-01-13 00:00:00",
    "url": "https://themeforest.net/item/rantasy-responsive-prestashop-theme/10002519?s_rank=102",
    "versions": {
      "1.0": {
        "date": "2015-01-13 00:00:00"
      }
    }
  },
  {
    "comments": 10,
    "created_at": "2016-02-25 00:00:00",
    "deleted_at": null,
    "name": "leo-green-responsive-prestashop-theme",
    "sales": 72,
    "source": "themeforest",
    "title": "Leo Green Responsive Prestashop Theme",
    "updated_at": "2016-07-08 00:00:00",
    "url": "https://themeforest.net/item/leo-green-responsive-prestashop-theme/14969897?s_rank=224",
    "versions": {}
  },
  {
    "comments": 25,
    "created_at": "2016-09-09 00:00:00",
    "deleted_at": null,
    "name": "bookshop-responsive-prestashop-theme",
    "sales": 72,
    "source": "themeforest",
    "title": "BookShop - Books Library Responsive Prestashop Theme",
    "updated_at": "2017-09-08 00:00:00",
    "url": "https://themeforest.net/item/bookshop-responsive-prestashop-theme/17364889?s_rank=450",
    "versions": {}
  },
  {
    "comments": 17,
    "created_at": "2014-07-30 00:00:00",
    "deleted_at": null,
    "name": "leo-football-wear-prestashop-theme",
    "sales": 73,
    "source": "themeforest",
    "title": "Leo Football Wear Prestashop Theme",
    "updated_at": "2016-07-20 00:00:00",
    "url": "https://themeforest.net/item/leo-football-wear-prestashop-theme/8294285?s_rank=423",
    "versions": {}
  },
  {
    "comments": 32,
    "created_at": "2014-03-06 00:00:00",
    "deleted_at": null,
    "name": "vigon-fashion-responsive-prestashop-theme",
    "sales": 74,
    "source": "themeforest",
    "title": "Vigon - Fashion Responsive Prestashop Theme",
    "updated_at": "2014-03-27 00:00:00",
    "url": "https://themeforest.net/item/vigon-fashion-responsive-prestashop-theme/7039815?s_rank=301",
    "versions": {
      "1.0": {
        "date": "2014-04-03 00:00:00"
      },
      "1.1": {
        "date": "2014-03-26 00:00:00"
      },
      "1.6": {
        "date": "2014-03-25 00:00:00"
      }
    }
  },
  {
    "comments": 13,
    "created_at": "2015-12-17 00:00:00",
    "deleted_at": null,
    "name": "sirius-responsive-prestashop-theme",
    "sales": 74,
    "source": "themeforest",
    "title": "Sirius - Tshirt Shop Responsive Prestashop Theme",
    "updated_at": "2017-09-08 00:00:00",
    "url": "https://themeforest.net/item/sirius-responsive-prestashop-theme/14026506?s_rank=485",
    "versions": {}
  },
  {
    "comments": 53,
    "created_at": "2014-09-12 00:00:00",
    "deleted_at": null,
    "name": "icommerce-responsive-prestashop-theme",
    "sales": 75,
    "source": "themeforest",
    "title": "iCommerce - Responsive Prestashop Theme",
    "updated_at": "2015-11-11 00:00:00",
    "url": "https://themeforest.net/item/icommerce-responsive-prestashop-theme/8848600?s_rank=127",
    "versions": {}
  },
  {
    "comments": 34,
    "created_at": "2014-08-19 00:00:00",
    "deleted_at": null,
    "name": "moderns-fullscreen-background-prestashop-theme",
    "sales": 75,
    "source": "themeforest",
    "title": "Moderns - Fullscreen Background PrestaShop Theme",
    "updated_at": "2015-11-09 00:00:00",
    "url": "https://themeforest.net/item/moderns-fullscreen-background-prestashop-theme/8563663?s_rank=318",
    "versions": {}
  },
  {
    "comments": 25,
    "created_at": "2014-07-08 00:00:00",
    "deleted_at": null,
    "name": "butterfly-responsive-multipurpose-prestashop-theme",
    "sales": 76,
    "source": "themeforest",
    "title": "ButterFly Responsive Multipurpose Prestashop Theme",
    "updated_at": "2016-09-15 00:00:00",
    "url": "https://themeforest.net/item/butterfly-responsive-multipurpose-prestashop-theme/8119939?s_rank=351",
    "versions": {}
  },
  {
    "comments": 31,
    "created_at": "2015-02-11 00:00:00",
    "deleted_at": null,
    "name": "vanesa-mega-store-responsive-prestashop-theme",
    "sales": 76,
    "source": "themeforest",
    "title": "Vanesa - Mega Store Responsive Prestashop Theme",
    "updated_at": "2015-02-11 00:00:00",
    "url": "https://themeforest.net/item/vanesa-mega-store-responsive-prestashop-theme/10334694?s_rank=513",
    "versions": {
      "1.0": {
        "date": "2015-10-02 00:00:00"
      }
    }
  },
  {
    "comments": 8,
    "created_at": "2014-02-20 00:00:00",
    "deleted_at": null,
    "name": "clothstore-prestashop-responsive-theme",
    "sales": 77,
    "source": "themeforest",
    "title": "ClothStore - Prestashop Responsive Theme",
    "updated_at": "2015-12-06 00:00:00",
    "url": "https://themeforest.net/item/clothstore-prestashop-responsive-theme/6917986?s_rank=143",
    "versions": {}
  },
  {
    "comments": 28,
    "created_at": "2014-10-23 00:00:00",
    "deleted_at": null,
    "name": "brave-flat-responsive-prestashop-theme",
    "sales": 77,
    "source": "themeforest",
    "title": "Brave - Flat Responsive Prestashop Theme",
    "updated_at": "2015-02-12 00:00:00",
    "url": "https://themeforest.net/item/brave-flat-responsive-prestashop-theme/9217034?s_rank=247",
    "versions": {
      "1.0": {
        "date": "2014-10-23 00:00:00"
      },
      "1.1": {
        "date": "2014-11-02 00:00:00"
      }
    }
  },
  {
    "comments": 20,
    "created_at": "2015-12-17 00:00:00",
    "deleted_at": null,
    "name": "pts-silkshop-multi-purpose-prestashop-theme",
    "sales": 77,
    "source": "themeforest",
    "title": "Pts Silkshop - Multi Purpose Prestashop Theme",
    "updated_at": "2017-08-05 00:00:00",
    "url": "https://themeforest.net/item/pts-silkshop-multi-purpose-prestashop-theme/13945192?s_rank=506",
    "versions": {}
  },
  {
    "comments": 24,
    "created_at": "2015-07-21 00:00:00",
    "deleted_at": null,
    "name": "boloba-responsive-digital-prestashop-theme-",
    "sales": 78,
    "source": "themeforest",
    "title": "Boloba - Responsive Digital Prestashop Theme ",
    "updated_at": "2016-01-08 00:00:00",
    "url": "https://themeforest.net/item/boloba-responsive-digital-prestashop-theme-/12133652?s_rank=235",
    "versions": {
      "1.1": {
        "date": "2016-07-01 00:00:00"
      }
    }
  },
  {
    "comments": 12,
    "created_at": "2015-09-02 00:00:00",
    "deleted_at": null,
    "name": "cendo-responsive-prestashop-furniture-theme",
    "sales": 78,
    "source": "themeforest",
    "title": "Cendo - Responsive Prestashop Furniture Theme",
    "updated_at": "2015-09-02 00:00:00",
    "url": "https://themeforest.net/item/cendo-responsive-prestashop-furniture-theme/12606965?s_rank=322",
    "versions": {}
  },
  {
    "comments": 20,
    "created_at": "2013-12-11 00:00:00",
    "deleted_at": null,
    "name": "petsyshop-responsive-prestashop-theme",
    "sales": 79,
    "source": "themeforest",
    "title": "PetsyShop Responsive Prestashop Theme",
    "updated_at": "2014-08-21 00:00:00",
    "url": "https://themeforest.net/item/petsyshop-responsive-prestashop-theme/6345595?s_rank=152",
    "versions": {
      "1.0": {
        "date": "2014-08-01 00:00:00"
      },
      "1.2": {
        "date": "2014-01-24 00:00:00"
      },
      "1.6": {
        "date": "2014-03-25 00:00:00"
      }
    }
  },
  {
    "comments": 20,
    "created_at": "2015-10-01 00:00:00",
    "deleted_at": null,
    "name": "stationery-premium-responsive-prestashop-theme",
    "sales": 79,
    "source": "themeforest",
    "title": "Stationery - Premium Responsive Prestashop Theme",
    "updated_at": "2016-12-01 00:00:00",
    "url": "https://themeforest.net/item/stationery-premium-responsive-prestashop-theme/13027587?s_rank=269",
    "versions": {}
  },
  {
    "comments": 27,
    "created_at": "2015-03-25 00:00:00",
    "deleted_at": null,
    "name": "parna-multipurpose-responsive-prestashop-theme",
    "sales": 79,
    "source": "themeforest",
    "title": "Parna - Multipurpose Responsive Prestashop Theme",
    "updated_at": "2016-11-01 00:00:00",
    "url": "https://themeforest.net/item/parna-multipurpose-responsive-prestashop-theme/10862662?s_rank=289",
    "versions": {}
  },
  {
    "comments": 19,
    "created_at": "2014-06-12 00:00:00",
    "deleted_at": null,
    "name": "pts-decorlighting-prestashop-16-theme",
    "sales": 79,
    "source": "themeforest",
    "title": "Pts DecorLighting Prestashop 1.6 Theme",
    "updated_at": "2017-08-05 00:00:00",
    "url": "https://themeforest.net/item/pts-decorlighting-prestashop-16-theme/7944858?s_rank=331",
    "versions": {}
  },
  {
    "comments": 16,
    "created_at": "2014-12-05 00:00:00",
    "deleted_at": null,
    "name": "accessories-responsive-prestashop-theme",
    "sales": 80,
    "source": "themeforest",
    "title": "Accessories - Responsive Prestashop Theme",
    "updated_at": "2014-12-09 00:00:00",
    "url": "https://themeforest.net/item/accessories-responsive-prestashop-theme/9699512?s_rank=115",
    "versions": {
      "1.0": {
        "date": "2014-10-12 00:00:00"
      }
    }
  },
  {
    "comments": 37,
    "created_at": "2014-10-28 00:00:00",
    "deleted_at": null,
    "name": "nik-responsive-multipurpose-prestashop-theme",
    "sales": 80,
    "source": "themeforest",
    "title": "Nik - Responsive Multi-Purpose Prestashop Theme",
    "updated_at": "2016-11-01 00:00:00",
    "url": "https://themeforest.net/item/nik-responsive-multipurpose-prestashop-theme/9278864?s_rank=518",
    "versions": {}
  },
  {
    "comments": 32,
    "created_at": "2014-01-24 00:00:00",
    "deleted_at": null,
    "name": "lifestyle-prestashop-responsive-theme",
    "sales": 81,
    "source": "themeforest",
    "title": "LifeStyle - Prestashop Responsive Theme",
    "updated_at": "2015-12-04 00:00:00",
    "url": "https://themeforest.net/item/lifestyle-prestashop-responsive-theme/6667813?s_rank=146",
    "versions": {}
  },
  {
    "comments": 32,
    "created_at": "2014-07-31 00:00:00",
    "deleted_at": null,
    "name": "zodiac-multi-store-responsive-prestashoptheme",
    "sales": 81,
    "source": "themeforest",
    "title": "ZODIAC - Multi Store Responsive PrestashopTheme",
    "updated_at": "2014-08-03 00:00:00",
    "url": "https://themeforest.net/item/zodiac-multi-store-responsive-prestashoptheme/8428508?s_rank=769",
    "versions": {
      "1.0": {
        "date": "2014-07-31 00:00:00"
      }
    }
  },
  {
    "comments": 26,
    "created_at": "2015-11-04 00:00:00",
    "deleted_at": null,
    "name": "velo-responsive-magento-theme-for-bike-shops",
    "sales": 81,
    "source": "themeforest",
    "title": "Velo – Responsive Magento Theme for Bike Shops",
    "updated_at": "2016-10-12 00:00:00",
    "url": "https://themeforest.net/item/velo-responsive-magento-theme-for-bike-shops/13392440?s_rank=801",
    "versions": {}
  },
  {
    "comments": 21,
    "created_at": "2014-02-19 00:00:00",
    "deleted_at": null,
    "name": "jewellery-prestashop-responsive-template",
    "sales": 82,
    "source": "themeforest",
    "title": "Jewellery - Prestashop Responsive Template",
    "updated_at": "2015-12-04 00:00:00",
    "url": "https://themeforest.net/item/jewellery-prestashop-responsive-template/6902592?s_rank=184",
    "versions": {}
  },
  {
    "comments": 30,
    "created_at": "2015-08-25 00:00:00",
    "deleted_at": null,
    "name": "venus-responsive-prestashop-theme",
    "sales": 82,
    "source": "themeforest",
    "title": "Venus - Tshirt Shop Responsive Prestashop Theme",
    "updated_at": "2017-09-08 00:00:00",
    "url": "https://themeforest.net/item/venus-responsive-prestashop-theme/12484364?s_rank=507",
    "versions": {}
  },
  {
    "comments": 19,
    "created_at": "2014-12-05 00:00:00",
    "deleted_at": null,
    "name": "tools-prestashop-responsive-theme",
    "sales": 83,
    "source": "themeforest",
    "title": "Tools - Prestashop Responsive Theme",
    "updated_at": "2015-12-03 00:00:00",
    "url": "https://themeforest.net/item/tools-prestashop-responsive-theme/9699128?s_rank=130",
    "versions": {}
  },
  {
    "comments": 31,
    "created_at": "2016-10-15 00:00:00",
    "deleted_at": null,
    "name": "great-store-ecommerce-prestashop-theme",
    "sales": 84,
    "source": "themeforest",
    "title": "GREAT STORE - eCommerce Prestashop Theme",
    "updated_at": "2017-03-20 00:00:00",
    "url": "https://themeforest.net/item/great-store-ecommerce-prestashop-theme/18303739?s_rank=91",
    "versions": {}
  },
  {
    "comments": 23,
    "created_at": "2014-01-23 00:00:00",
    "deleted_at": null,
    "name": "leo-electronics-prestashop-theme",
    "sales": 84,
    "source": "themeforest",
    "title": "Leo Electronics Prestashop Theme",
    "updated_at": "2017-06-16 00:00:00",
    "url": "https://themeforest.net/item/leo-electronics-prestashop-theme/6651449?s_rank=157",
    "versions": {}
  },
  {
    "comments": 21,
    "created_at": "2017-03-10 00:00:00",
    "deleted_at": null,
    "name": "dorado-responsive-prestashop-17-theme",
    "sales": 85,
    "source": "themeforest",
    "title": "Dorado - Furniture Responsive Prestashop 1.7 Theme",
    "updated_at": "2017-09-06 00:00:00",
    "url": "https://themeforest.net/item/dorado-responsive-prestashop-17-theme/19523770?s_rank=195",
    "versions": {}
  },
  {
    "comments": 38,
    "created_at": "2014-11-13 00:00:00",
    "deleted_at": null,
    "name": "prestashop-responsive-fashion-theme-estneque",
    "sales": 85,
    "source": "themeforest",
    "title": "PrestaShop Responsive Fashion Theme - EstNeque",
    "updated_at": "2015-01-21 00:00:00",
    "url": "https://themeforest.net/item/prestashop-responsive-fashion-theme-estneque/9459030?s_rank=368",
    "versions": {}
  },
  {
    "comments": 13,
    "created_at": "2014-02-28 00:00:00",
    "deleted_at": null,
    "name": "coffee-shop-prestashop-responsive-template",
    "sales": 86,
    "source": "themeforest",
    "title": "Coffee Shop - Prestashop Responsive Template",
    "updated_at": "2015-12-06 00:00:00",
    "url": "https://themeforest.net/item/coffee-shop-prestashop-responsive-template/6975964?s_rank=327",
    "versions": {}
  },
  {
    "comments": 27,
    "created_at": "2014-07-08 00:00:00",
    "deleted_at": null,
    "name": "drink-shop-responsive-prestashop-theme",
    "sales": 86,
    "source": "themeforest",
    "title": "Drink Shop Responsive Prestashop Theme",
    "updated_at": "2014-07-08 00:00:00",
    "url": "https://themeforest.net/item/drink-shop-responsive-prestashop-theme/8155209?s_rank=333",
    "versions": {
      "1.0": {
        "date": "2014-02-07 00:00:00"
      }
    }
  },
  {
    "comments": 44,
    "created_at": "2015-02-04 00:00:00",
    "deleted_at": null,
    "name": "megashop-premium-responsive-prestashop-theme",
    "sales": 88,
    "source": "themeforest",
    "title": "Megashop - Premium Responsive Prestashop Theme",
    "updated_at": "2016-12-01 00:00:00",
    "url": "https://themeforest.net/item/megashop-premium-responsive-prestashop-theme/10279721?s_rank=320",
    "versions": {}
  },
  {
    "comments": 58,
    "created_at": "2014-07-16 00:00:00",
    "deleted_at": null,
    "name": "pts-maxxshop-flexiable-prestashop-theme",
    "sales": 89,
    "source": "themeforest",
    "title": "Pts MaxxShop - Flexiable Prestashop Theme",
    "updated_at": "2017-08-05 00:00:00",
    "url": "https://themeforest.net/item/pts-maxxshop-flexiable-prestashop-theme/8226149?s_rank=291",
    "versions": {}
  },
  {
    "comments": 14,
    "created_at": "2014-10-18 00:00:00",
    "deleted_at": null,
    "name": "venas-prestashop-theme",
    "sales": 90,
    "source": "themeforest",
    "title": "Venas - Prestashop Theme",
    "updated_at": "2017-05-15 00:00:00",
    "url": "https://themeforest.net/item/venas-prestashop-theme/9193281?s_rank=118",
    "versions": {
      "1.0.0": {
        "date": "2014-10-18 00:00:00"
      },
      "1.1.0": {
        "date": "2014-11-11 00:00:00"
      },
      "1.2.0": {
        "date": "2015-03-23 00:00:00"
      },
      "1.2.1": {
        "date": "2015-07-20 00:00:00"
      },
      "1.2.2": {
        "date": "2016-01-04 00:00:00"
      },
      "1.2.3": {
        "date": "2016-08-22 00:00:00"
      },
      "1.2.5": {
        "date": "2017-05-15 00:00:00"
      },
      "2.0.0": {
        "date": "2017-05-15 00:00:00"
      }
    }
  },
  {
    "comments": 23,
    "created_at": "2015-02-10 00:00:00",
    "deleted_at": null,
    "name": "jms-flatize-fashion-responsive-prestashop-theme",
    "sales": 91,
    "source": "themeforest",
    "title": "JMS Flatize - Fashion Responsive Prestashop Theme",
    "updated_at": "2015-05-14 00:00:00",
    "url": "https://themeforest.net/item/jms-flatize-fashion-responsive-prestashop-theme/10321667?s_rank=467",
    "versions": {}
  },
  {
    "comments": 42,
    "created_at": "2013-07-12 00:00:00",
    "deleted_at": null,
    "name": "pmart-responsive-and-clean-ecommerce-theme",
    "sales": 91,
    "source": "themeforest",
    "title": "Pmart - Responsive and Clean Ecommerce theme",
    "updated_at": "2016-03-18 00:00:00",
    "url": "https://themeforest.net/item/pmart-responsive-and-clean-ecommerce-theme/5143118?s_rank=729",
    "versions": {}
  },
  {
    "comments": 11,
    "created_at": "2013-11-26 00:00:00",
    "deleted_at": null,
    "name": "zonda-responsive-ecommerce-psd-template",
    "sales": 91,
    "source": "themeforest",
    "title": "Zonda - Responsive eCommerce PSD Template",
    "updated_at": "2013-11-27 00:00:00",
    "url": "https://themeforest.net/item/zonda-responsive-ecommerce-psd-template/6210977?s_rank=791",
    "versions": {}
  },
  {
    "comments": 39,
    "created_at": "2013-09-16 00:00:00",
    "deleted_at": null,
    "name": "classicstore-responsive-prestashop-theme",
    "sales": 92,
    "source": "themeforest",
    "title": "ClassicStore - Responsive Prestashop Theme",
    "updated_at": "2014-03-21 00:00:00",
    "url": "https://themeforest.net/item/classicstore-responsive-prestashop-theme/5503470?s_rank=169",
    "versions": {}
  },
  {
    "comments": 24,
    "created_at": "2015-05-28 00:00:00",
    "deleted_at": null,
    "name": "sebian-multi-purpose-ecommerce-psd-template",
    "sales": 92,
    "source": "themeforest",
    "title": "SEBIAN - Multi Purpose eCommerce PSD Template",
    "updated_at": "2015-06-02 00:00:00",
    "url": "https://themeforest.net/item/sebian-multi-purpose-ecommerce-psd-template/11569658?s_rank=802",
    "versions": {}
  },
  {
    "comments": 29,
    "created_at": "2016-05-14 00:00:00",
    "deleted_at": null,
    "name": "julie-prestashop-fashion-theme",
    "sales": 93,
    "source": "themeforest",
    "title": "Julie - Prestashop Fashion Theme",
    "updated_at": "2017-01-24 00:00:00",
    "url": "https://themeforest.net/item/julie-prestashop-fashion-theme/15893404?s_rank=29",
    "versions": {}
  },
  {
    "comments": 42,
    "created_at": "2016-04-19 00:00:00",
    "deleted_at": null,
    "name": "jms-megashop-responsive-prestashop-theme",
    "sales": 94,
    "source": "themeforest",
    "title": "JMS Megashop - Responsive Prestashop Theme",
    "updated_at": "2016-05-19 00:00:00",
    "url": "https://themeforest.net/item/jms-megashop-responsive-prestashop-theme/15610998?s_rank=174",
    "versions": {}
  },
  {
    "comments": 26,
    "created_at": "2017-01-20 00:00:00",
    "deleted_at": null,
    "name": "kora-responsive-prestashop-theme",
    "sales": 94,
    "source": "themeforest",
    "title": "Kora - Jewelry Responsive Prestashop 1.7 & 1.6 Theme",
    "updated_at": "2017-09-08 00:00:00",
    "url": "https://themeforest.net/item/kora-responsive-prestashop-theme/19308503?s_rank=255",
    "versions": {}
  },
  {
    "comments": 18,
    "created_at": "2014-02-15 00:00:00",
    "deleted_at": null,
    "name": "coron-fashion-responsive-prestashop-theme",
    "sales": 94,
    "source": "themeforest",
    "title": "Coron - Fashion Responsive Prestashop Theme",
    "updated_at": "2014-03-27 00:00:00",
    "url": "https://themeforest.net/item/coron-fashion-responsive-prestashop-theme/6873194?s_rank=270",
    "versions": {
      "1.0": {
        "date": "2014-02-16 00:00:00"
      },
      "1.1": {
        "date": "2014-03-26 00:00:00"
      },
      "1.6": {
        "date": "2014-03-25 00:00:00"
      }
    }
  },
  {
    "comments": 27,
    "created_at": "2013-11-15 00:00:00",
    "deleted_at": null,
    "name": "classyshop-prestashop-responsive-theme",
    "sales": 95,
    "source": "themeforest",
    "title": "ClassyShop - Prestashop Responsive Theme",
    "updated_at": "2015-12-04 00:00:00",
    "url": "https://themeforest.net/item/classyshop-prestashop-responsive-theme/6139733?s_rank=138",
    "versions": {}
  },
  {
    "comments": 15,
    "created_at": "2016-12-21 00:00:00",
    "deleted_at": null,
    "name": "organica-organic-beauty-natural-cosmetics-food-farn-and-eco-prestashop-theme",
    "sales": 95,
    "source": "themeforest",
    "title": "Organica - Organic, Beauty, Natural Cosmetics, Food, Farn and Eco Prestashop Theme",
    "updated_at": "2016-12-21 00:00:00",
    "url": "https://themeforest.net/item/organica-organic-beauty-natural-cosmetics-food-farn-and-eco-prestashop-theme/19216612?s_rank=490",
    "versions": {}
  },
  {
    "comments": 23,
    "created_at": "2016-02-20 00:00:00",
    "deleted_at": null,
    "name": "luxury-responsive-prestashop-theme",
    "sales": 95,
    "source": "themeforest",
    "title": "Luxury Fashion eCommerce Responsive Prestashop Theme V1.6 & V1.7.1",
    "updated_at": "2017-06-24 00:00:00",
    "url": "https://themeforest.net/item/luxury-responsive-prestashop-theme/14901242?s_rank=626",
    "versions": {}
  },
  {
    "comments": 32,
    "created_at": "2016-06-08 00:00:00",
    "deleted_at": null,
    "name": "the-look-clean-responsive-fashion-prestashop-theme",
    "sales": 96,
    "source": "themeforest",
    "title": "The Look - Clean, Responsive Fashion Boutique Prestashop Theme",
    "updated_at": "2017-06-08 00:00:00",
    "url": "https://themeforest.net/item/the-look-clean-responsive-fashion-prestashop-theme/16345896?s_rank=380",
    "versions": {}
  },
  {
    "comments": 59,
    "created_at": "2016-07-06 00:00:00",
    "deleted_at": null,
    "name": "shoply-responsive-prestashop-16-theme",
    "sales": 98,
    "source": "themeforest",
    "title": "Shoply - Responsive Prestashop 1.6 Theme",
    "updated_at": "2016-09-22 00:00:00",
    "url": "https://themeforest.net/item/shoply-responsive-prestashop-16-theme/16616861?s_rank=84",
    "versions": {}
  },
  {
    "comments": 35,
    "created_at": "2013-08-20 00:00:00",
    "deleted_at": null,
    "name": "wiser-responsive-prestashop-theme",
    "sales": 98,
    "source": "themeforest",
    "title": "Wiser - Responsive PrestaShop Theme",
    "updated_at": "2014-07-08 00:00:00",
    "url": "https://themeforest.net/item/wiser-responsive-prestashop-theme/5411375?s_rank=144",
    "versions": {}
  },
  {
    "comments": 14,
    "created_at": "2015-09-16 00:00:00",
    "deleted_at": null,
    "name": "leo-shoes-world-responsive-prestashop-theme",
    "sales": 98,
    "source": "themeforest",
    "title": "Leo Shoes World Responsive Prestashop Theme",
    "updated_at": "2017-08-31 00:00:00",
    "url": "https://themeforest.net/item/leo-shoes-world-responsive-prestashop-theme/12833087?s_rank=479",
    "versions": {}
  },
  {
    "comments": 20,
    "created_at": "2014-07-18 00:00:00",
    "deleted_at": null,
    "name": "vivashop-prestashop-theme",
    "sales": 99,
    "source": "themeforest",
    "title": "VivaShop - Prestashop Theme",
    "updated_at": "2017-08-27 00:00:00",
    "url": "https://themeforest.net/item/vivashop-prestashop-theme/8294637?s_rank=108",
    "versions": {
      "1.0.0": {
        "date": "2014-07-18 00:00:00"
      },
      "1.1.0": {
        "date": "2014-08-11 00:00:00"
      },
      "1.2.0": {
        "date": "2014-09-10 00:00:00"
      },
      "1.2.1": {
        "date": "2014-11-17 00:00:00"
      },
      "1.3.0": {
        "date": "2015-01-24 00:00:00"
      },
      "1.4.0": {
        "date": "2015-07-14 00:00:00"
      },
      "1.4.1": {
        "date": "2015-09-21 00:00:00"
      },
      "1.4.2": {
        "date": "2016-01-04 00:00:00"
      },
      "1.4.3": {
        "date": "2016-09-05 00:00:00"
      },
      "1.4.4": {
        "date": "2017-08-27 00:00:00"
      },
      "2.0.0": {
        "date": "2017-08-27 00:00:00"
      }
    }
  },
  {
    "comments": 10,
    "created_at": "2014-09-13 00:00:00",
    "deleted_at": null,
    "name": "luxuryshop-prestashop-theme",
    "sales": 99,
    "source": "themeforest",
    "title": "LuxuryShop - Prestashop Theme",
    "updated_at": "2016-08-11 00:00:00",
    "url": "https://themeforest.net/item/luxuryshop-prestashop-theme/8885453?s_rank=109",
    "versions": {
      "1.0.0": {
        "date": "2014-09-13 00:00:00"
      },
      "1.1.0": {
        "date": "2014-10-19 00:00:00"
      },
      "1.2.0": {
        "date": "2014-11-22 00:00:00"
      },
      "1.2.1": {
        "date": "2015-03-17 00:00:00"
      },
      "1.2.2": {
        "date": "2015-07-17 00:00:00"
      },
      "1.2.3": {
        "date": "2016-01-04 00:00:00"
      },
      "1.2.4": {
        "date": "2016-08-11 00:00:00"
      }
    }
  },
  {
    "comments": 18,
    "created_at": "2016-04-28 00:00:00",
    "deleted_at": null,
    "name": "fobe-multipurpose-responsive-prestashop-theme",
    "sales": 100,
    "source": "themeforest",
    "title": "Fobe - Multipurpose Responsive Prestashop Theme",
    "updated_at": "2016-04-28 00:00:00",
    "url": "https://themeforest.net/item/fobe-multipurpose-responsive-prestashop-theme/15645265?s_rank=131",
    "versions": {}
  },
  {
    "comments": 28,
    "created_at": "2015-01-09 00:00:00",
    "deleted_at": null,
    "name": "bonnie-premium-responsive-prestashop-theme",
    "sales": 103,
    "source": "themeforest",
    "title": "Bonnie - Premium Responsive Prestashop Theme",
    "updated_at": "2016-01-14 00:00:00",
    "url": "https://themeforest.net/item/bonnie-premium-responsive-prestashop-theme/9985358?s_rank=258",
    "versions": {
      "1.0": {
        "date": "2015-10-01 00:00:00"
      }
    }
  },
  {
    "comments": 22,
    "created_at": "2013-12-11 00:00:00",
    "deleted_at": null,
    "name": "wedding-responsive-prestashop-theme-weddingday",
    "sales": 103,
    "source": "themeforest",
    "title": "Wedding Responsive Prestashop Theme - WeddingDay",
    "updated_at": "2016-08-17 00:00:00",
    "url": "https://themeforest.net/item/wedding-responsive-prestashop-theme-weddingday/6335917?s_rank=292",
    "versions": {}
  },
  {
    "comments": 16,
    "created_at": "2013-12-17 00:00:00",
    "deleted_at": null,
    "name": "chocolate-prestashop-responsive-theme",
    "sales": 104,
    "source": "themeforest",
    "title": "Chocolate - Prestashop Responsive Theme",
    "updated_at": "2015-12-08 00:00:00",
    "url": "https://themeforest.net/item/chocolate-prestashop-responsive-theme/6391684?s_rank=128",
    "versions": {}
  },
  {
    "comments": 40,
    "created_at": "2014-04-02 00:00:00",
    "deleted_at": null,
    "name": "meta-tronics-prestashop-responsive-theme",
    "sales": 104,
    "source": "themeforest",
    "title": "Meta Tronics - Prestashop Responsive Theme",
    "updated_at": "2015-12-04 00:00:00",
    "url": "https://themeforest.net/item/meta-tronics-prestashop-responsive-theme/7297800?s_rank=290",
    "versions": {}
  },
  {
    "comments": 22,
    "created_at": "2014-10-10 00:00:00",
    "deleted_at": null,
    "name": "amass-prestashop-responsive-theme",
    "sales": 105,
    "source": "themeforest",
    "title": "Amass - Prestashop Responsive Theme",
    "updated_at": "2015-12-03 00:00:00",
    "url": "https://themeforest.net/item/amass-prestashop-responsive-theme/9140838?s_rank=141",
    "versions": {}
  },
  {
    "comments": 49,
    "created_at": "2016-06-02 00:00:00",
    "deleted_at": null,
    "name": "jms-delphinus-multipurpose-prestashop-theme",
    "sales": 105,
    "source": "themeforest",
    "title": "JMS Delphinus - Multipurpose Prestashop theme",
    "updated_at": "2017-08-11 00:00:00",
    "url": "https://themeforest.net/item/jms-delphinus-multipurpose-prestashop-theme/16167210?s_rank=149",
    "versions": {}
  },
  {
    "comments": 50,
    "created_at": "2015-04-21 00:00:00",
    "deleted_at": null,
    "name": "jms-bigshop-multipurpose-prestashop-theme",
    "sales": 105,
    "source": "themeforest",
    "title": "JMS Bigshop - Multipurpose Prestashop Theme",
    "updated_at": "2015-05-12 00:00:00",
    "url": "https://themeforest.net/item/jms-bigshop-multipurpose-prestashop-theme/11153813?s_rank=261",
    "versions": {}
  },
  {
    "comments": 30,
    "created_at": "2015-09-30 00:00:00",
    "deleted_at": null,
    "name": "timeplus-mega-store-responsive-prestashop-theme",
    "sales": 106,
    "source": "themeforest",
    "title": "TimePlus - Mega Store Responsive Prestashop Theme",
    "updated_at": "2015-12-05 00:00:00",
    "url": "https://themeforest.net/item/timeplus-mega-store-responsive-prestashop-theme/13057692?s_rank=401",
    "versions": {
      "1.1": {
        "date": "2015-04-12 00:00:00"
      }
    }
  },
  {
    "comments": 32,
    "created_at": "2017-01-09 00:00:00",
    "deleted_at": null,
    "name": "platinum-fashion-accessories-prestashop-theme",
    "sales": 110,
    "source": "themeforest",
    "title": "Platinum Fashion and Accessories Prestashop 1.6 and 1.7 Theme",
    "updated_at": "2017-08-27 00:00:00",
    "url": "https://themeforest.net/item/platinum-fashion-accessories-prestashop-theme/19208559?s_rank=218",
    "versions": {}
  },
  {
    "comments": 22,
    "created_at": "2015-10-15 00:00:00",
    "deleted_at": null,
    "name": "eagle-responsive-prestashop-theme",
    "sales": 110,
    "source": "themeforest",
    "title": "Eagle - Shopping & Accessories Responsive Prestashop Theme",
    "updated_at": "2017-09-08 00:00:00",
    "url": "https://themeforest.net/item/eagle-responsive-prestashop-theme/13130315?s_rank=478",
    "versions": {}
  },
  {
    "comments": 14,
    "created_at": "2016-03-22 00:00:00",
    "deleted_at": null,
    "name": "petshop-responsive-prestashop-theme",
    "sales": 110,
    "source": "themeforest",
    "title": "Petshop - Animal Care Responsive Prestashop 1.7 & 1.6 Theme",
    "updated_at": "2017-09-08 00:00:00",
    "url": "https://themeforest.net/item/petshop-responsive-prestashop-theme/15273672?s_rank=635",
    "versions": {}
  },
  {
    "comments": 33,
    "created_at": "2015-11-07 00:00:00",
    "deleted_at": null,
    "name": "sns-simen-responsive-prestashop-theme",
    "sales": 111,
    "source": "themeforest",
    "title": "SNS Simen - Responsive Prestashop Theme",
    "updated_at": "2015-12-23 00:00:00",
    "url": "https://themeforest.net/item/sns-simen-responsive-prestashop-theme/13464109?s_rank=245",
    "versions": {
      "1.0": {
        "date": "2015-11-19 00:00:00"
      }
    }
  },
  {
    "comments": 25,
    "created_at": "2016-01-10 00:00:00",
    "deleted_at": null,
    "name": "catchy-prestashop-responsive-theme",
    "sales": 113,
    "source": "themeforest",
    "title": "Catchy - Prestashop Responsive Theme",
    "updated_at": "2016-01-21 00:00:00",
    "url": "https://themeforest.net/item/catchy-prestashop-responsive-theme/14313356?s_rank=46",
    "versions": {}
  },
  {
    "comments": 36,
    "created_at": "2014-04-08 00:00:00",
    "deleted_at": null,
    "name": "andro-multipurpose-responsive-prestashop-theme",
    "sales": 113,
    "source": "themeforest",
    "title": "Andro - Multipurpose Responsive Prestashop Theme",
    "updated_at": "2014-04-23 00:00:00",
    "url": "https://themeforest.net/item/andro-multipurpose-responsive-prestashop-theme/7383271?s_rank=249",
    "versions": {
      "1.0": {
        "date": "2014-04-04 00:00:00"
      },
      "1.1": {
        "date": "2014-04-23 00:00:00"
      }
    }
  },
  {
    "comments": 32,
    "created_at": "2014-10-30 00:00:00",
    "deleted_at": null,
    "name": "rossi-responsive-prestashop-theme",
    "sales": 114,
    "source": "themeforest",
    "title": "ROSSI - Responsive Prestashop Theme",
    "updated_at": "2014-10-30 00:00:00",
    "url": "https://themeforest.net/item/rossi-responsive-prestashop-theme/9290016?s_rank=71",
    "versions": {
      "1.0": {
        "date": "2014-10-25 00:00:00"
      }
    }
  },
  {
    "comments": 8,
    "created_at": "2012-10-31 00:00:00",
    "deleted_at": null,
    "name": "nice-store-ecommerce-psd-template",
    "sales": 114,
    "source": "themeforest",
    "title": "Nice Store - eCommerce PSD Template",
    "updated_at": "2012-10-31 00:00:00",
    "url": "https://themeforest.net/item/nice-store-ecommerce-psd-template/3309918?s_rank=730",
    "versions": {}
  },
  {
    "comments": 17,
    "created_at": "2015-11-17 00:00:00",
    "deleted_at": null,
    "name": "harvest-multipurpose-prestashop-theme",
    "sales": 115,
    "source": "themeforest",
    "title": "Harvest - Multipurpose Prestashop Theme",
    "updated_at": "2016-01-15 00:00:00",
    "url": "https://themeforest.net/item/harvest-multipurpose-prestashop-theme/13559939?s_rank=63",
    "versions": {}
  },
  {
    "comments": 28,
    "created_at": "2014-11-19 00:00:00",
    "deleted_at": null,
    "name": "veneno-multipurpose-responsive-prestashop-theme",
    "sales": 116,
    "source": "themeforest",
    "title": "Veneno - Multipurpose Responsive Prestashop Theme",
    "updated_at": "2014-11-19 00:00:00",
    "url": "https://themeforest.net/item/veneno-multipurpose-responsive-prestashop-theme/9497217?s_rank=237",
    "versions": {
      "1.0": {
        "date": "2014-11-16 00:00:00"
      }
    }
  },
  {
    "comments": 33,
    "created_at": "2015-07-15 00:00:00",
    "deleted_at": null,
    "name": "glorious-prestashop-responsive-theme",
    "sales": 117,
    "source": "themeforest",
    "title": "Glorious - Prestashop Responsive Theme",
    "updated_at": "2015-12-02 00:00:00",
    "url": "https://themeforest.net/item/glorious-prestashop-responsive-theme/12044108?s_rank=65",
    "versions": {}
  },
  {
    "comments": 22,
    "created_at": "2014-09-24 00:00:00",
    "deleted_at": null,
    "name": "leo-super-store",
    "sales": 117,
    "source": "themeforest",
    "title": "Leo Super Store",
    "updated_at": "2016-06-29 00:00:00",
    "url": "https://themeforest.net/item/leo-super-store/8955840?s_rank=755",
    "versions": {}
  },
  {
    "comments": 35,
    "created_at": "2016-02-05 00:00:00",
    "deleted_at": null,
    "name": "hugeshop-wonderful-multi-concept-responsive-prestashop-theme",
    "sales": 118,
    "source": "themeforest",
    "title": "HugeShop - Wonderful Multi Concept Responsive Prestashop Theme",
    "updated_at": "2016-02-18 00:00:00",
    "url": "https://themeforest.net/item/hugeshop-wonderful-multi-concept-responsive-prestashop-theme/14638798?s_rank=349",
    "versions": {}
  },
  {
    "comments": 89,
    "created_at": "2015-02-11 00:00:00",
    "deleted_at": null,
    "name": "love-fashion-responsive-prestashop-fashion-theme",
    "sales": 118,
    "source": "themeforest",
    "title": "Love Fashion - Responsive Prestashop Fashion Theme",
    "updated_at": "2017-04-24 00:00:00",
    "url": "https://themeforest.net/item/love-fashion-responsive-prestashop-fashion-theme/10337022?s_rank=443",
    "versions": {}
  },
  {
    "comments": 62,
    "created_at": "2014-04-01 00:00:00",
    "deleted_at": null,
    "name": "libra-multipurpose-responsive-prestashop-theme",
    "sales": 119,
    "source": "themeforest",
    "title": "Libra - Multipurpose Responsive Prestashop Theme",
    "updated_at": "2014-04-01 00:00:00",
    "url": "https://themeforest.net/item/libra-multipurpose-responsive-prestashop-theme/7259272?s_rank=227",
    "versions": {
      "1.0": {
        "date": "2014-03-24 00:00:00"
      }
    }
  },
  {
    "comments": 58,
    "created_at": "2016-08-18 00:00:00",
    "deleted_at": null,
    "name": "hanoistore-supermarket-ecommerce-prestashop-template",
    "sales": 119,
    "source": "themeforest",
    "title": "HanoiStore - Supermarket eCommerce Prestashop Template V1.7 & V1.6",
    "updated_at": "2017-06-02 00:00:00",
    "url": "https://themeforest.net/item/hanoistore-supermarket-ecommerce-prestashop-template/17227183?s_rank=319",
    "versions": {}
  },
  {
    "comments": 41,
    "created_at": "2013-12-05 00:00:00",
    "deleted_at": null,
    "name": "metros-minimalist-responsive-cscart-theme",
    "sales": 119,
    "source": "themeforest",
    "title": "METROS - Minimalist Responsive CS-Cart Theme",
    "updated_at": "2016-02-27 00:00:00",
    "url": "https://themeforest.net/item/metros-minimalist-responsive-cscart-theme/6312447?s_rank=807",
    "versions": {}
  },
  {
    "comments": 25,
    "created_at": "2014-03-01 00:00:00",
    "deleted_at": null,
    "name": "aqule-responsive-prestashop-theme",
    "sales": 120,
    "source": "themeforest",
    "title": "Aqule - Responsive Prestashop Theme",
    "updated_at": "2014-03-25 00:00:00",
    "url": "https://themeforest.net/item/aqule-responsive-prestashop-theme/6987715?s_rank=105",
    "versions": {
      "1.0": {
        "date": "2014-02-26 00:00:00"
      },
      "1.6": {
        "date": "2014-01-04 00:00:00"
      }
    }
  },
  {
    "comments": 23,
    "created_at": "2015-12-09 00:00:00",
    "deleted_at": null,
    "name": "lavoro-fashion-shop-responsive-prestashop-theme",
    "sales": 120,
    "source": "themeforest",
    "title": "Lavoro - Fashion Shop Responsive Prestashop Theme",
    "updated_at": "2016-02-04 00:00:00",
    "url": "https://themeforest.net/item/lavoro-fashion-shop-responsive-prestashop-theme/13883011?s_rank=344",
    "versions": {
      "1.1": {
        "date": "2016-03-02 00:00:00"
      }
    }
  },
  {
    "comments": 68,
    "created_at": "2017-03-31 00:00:00",
    "deleted_at": null,
    "name": "sp-topdeal-multipurpose-responsive-prestashop-theme",
    "sales": 120,
    "source": "themeforest",
    "title": "SP TopDeal - Multipurpose Responsive PrestaShop 1.7 and 1.6 Theme",
    "updated_at": "2017-09-05 00:00:00",
    "url": "https://themeforest.net/item/sp-topdeal-multipurpose-responsive-prestashop-theme/19632422?s_rank=391",
    "versions": {}
  },
  {
    "comments": 47,
    "created_at": "2016-01-23 00:00:00",
    "deleted_at": null,
    "name": "everything-multipurpose-responsive-prestashop-theme",
    "sales": 121,
    "source": "themeforest",
    "title": "Everything - Multipurpose Responsive Prestashop Theme",
    "updated_at": "2016-03-04 00:00:00",
    "url": "https://themeforest.net/item/everything-multipurpose-responsive-prestashop-theme/14395789?s_rank=208",
    "versions": {}
  },
  {
    "comments": 48,
    "created_at": "2012-11-20 00:00:00",
    "deleted_at": null,
    "name": "tshirts-opencart-theme",
    "sales": 122,
    "source": "themeforest",
    "title": "T-shirts - OpenCart Theme",
    "updated_at": "2014-08-14 00:00:00",
    "url": "https://themeforest.net/item/tshirts-opencart-theme/3457019?s_rank=763",
    "versions": {}
  },
  {
    "comments": 26,
    "created_at": "2016-12-15 00:00:00",
    "deleted_at": null,
    "name": "angara-responsive-prestashop-theme",
    "sales": 124,
    "source": "themeforest",
    "title": "Angara - Responsive Prestashop Theme",
    "updated_at": "2017-01-20 00:00:00",
    "url": "https://themeforest.net/item/angara-responsive-prestashop-theme/19194568?s_rank=9",
    "versions": {}
  },
  {
    "comments": 18,
    "created_at": "2013-04-03 00:00:00",
    "deleted_at": null,
    "name": "et-toys-store-prestashop-template",
    "sales": 124,
    "source": "themeforest",
    "title": "ET Toys Store PrestaShop Template",
    "updated_at": "2014-02-10 00:00:00",
    "url": "https://themeforest.net/item/et-toys-store-prestashop-template/4431484?s_rank=305",
    "versions": {}
  },
  {
    "comments": 70,
    "created_at": "2014-10-20 00:00:00",
    "deleted_at": null,
    "name": "glamourshop-responsive-prestashop-16-theme-blog",
    "sales": 124,
    "source": "themeforest",
    "title": "GlamourShop Responsive Prestashop 1.6 Theme + Blog",
    "updated_at": "2015-09-06 00:00:00",
    "url": "https://themeforest.net/item/glamourshop-responsive-prestashop-16-theme-blog/8597091?s_rank=471",
    "versions": {}
  },
  {
    "comments": 12,
    "created_at": "2014-07-25 00:00:00",
    "deleted_at": null,
    "name": "granada-responsive-ecommerce-psd-template",
    "sales": 124,
    "source": "themeforest",
    "title": "Granada - Responsive eCommerce PSD Template",
    "updated_at": "2016-04-16 00:00:00",
    "url": "https://themeforest.net/item/granada-responsive-ecommerce-psd-template/8368595?s_rank=800",
    "versions": {}
  },
  {
    "comments": 23,
    "created_at": "2013-05-08 00:00:00",
    "deleted_at": null,
    "name": "actiwear-minimal-responsive-prestashop-theme",
    "sales": 126,
    "source": "themeforest",
    "title": "Actiwear - Minimal Responsive PrestaShop Theme",
    "updated_at": "2015-05-06 00:00:00",
    "url": "https://themeforest.net/item/actiwear-minimal-responsive-prestashop-theme/4651759?s_rank=314",
    "versions": {}
  },
  {
    "comments": 63,
    "created_at": "2013-12-04 00:00:00",
    "deleted_at": null,
    "name": "pos-auriga-fashion-responsive-prestashop-theme",
    "sales": 126,
    "source": "themeforest",
    "title": "Pos Auriga - Fashion Responsive Prestashop Theme",
    "updated_at": "2014-03-25 00:00:00",
    "url": "https://themeforest.net/item/pos-auriga-fashion-responsive-prestashop-theme/6276930?s_rank=491",
    "versions": {
      "1.0": {
        "date": "2013-12-24 00:00:00"
      },
      "1.1": {
        "date": "2014-08-01 00:00:00"
      },
      "1.3": {
        "date": "2014-01-24 00:00:00"
      },
      "1.6": {
        "date": "2014-03-25 00:00:00"
      }
    }
  },
  {
    "comments": 13,
    "created_at": "2013-01-19 00:00:00",
    "deleted_at": null,
    "name": "benissimo-html5-css3-store-template",
    "sales": 127,
    "source": "themeforest",
    "title": "Benissimo — HTML5 & CSS3 store template",
    "updated_at": "2013-01-21 00:00:00",
    "url": "https://themeforest.net/item/benissimo-html5-css3-store-template/3840754?s_rank=733",
    "versions": {}
  },
  {
    "comments": 47,
    "created_at": "2014-03-08 00:00:00",
    "deleted_at": null,
    "name": "-mt-studio-fluid-responsive-prestashop-theme-",
    "sales": 128,
    "source": "themeforest",
    "title": " MT Studio : Fluid Responsive PrestaShop Theme ",
    "updated_at": "2015-04-01 00:00:00",
    "url": "https://themeforest.net/item/-mt-studio-fluid-responsive-prestashop-theme-/7040232?s_rank=502",
    "versions": {}
  },
  {
    "comments": 72,
    "created_at": "2012-11-22 00:00:00",
    "deleted_at": null,
    "name": "balim-prestashop-theme",
    "sales": 130,
    "source": "themeforest",
    "title": "Balim Prestashop Theme",
    "updated_at": "2013-04-29 00:00:00",
    "url": "https://themeforest.net/item/balim-prestashop-theme/3475597?s_rank=113",
    "versions": {}
  },
  {
    "comments": 18,
    "created_at": "2014-02-12 00:00:00",
    "deleted_at": null,
    "name": "watches-store-prestashop-responsive-theme",
    "sales": 130,
    "source": "themeforest",
    "title": "Watches Store - Prestashop Responsive Theme",
    "updated_at": "2015-12-08 00:00:00",
    "url": "https://themeforest.net/item/watches-store-prestashop-responsive-theme/6837080?s_rank=260",
    "versions": {}
  },
  {
    "comments": 35,
    "created_at": "2016-06-08 00:00:00",
    "deleted_at": null,
    "name": "furnicom-responsive-prestashop-furniture-theme",
    "sales": 130,
    "source": "themeforest",
    "title": "Furnicom - Responsive PrestaShop 1.6 and 1.7 Furniture Theme",
    "updated_at": "2017-09-07 00:00:00",
    "url": "https://themeforest.net/item/furnicom-responsive-prestashop-furniture-theme/16259733?s_rank=341",
    "versions": {}
  },
  {
    "comments": 45,
    "created_at": "2013-11-06 00:00:00",
    "deleted_at": null,
    "name": "responsive-prestashop-theme-watchstore",
    "sales": 131,
    "source": "themeforest",
    "title": "Responsive Prestashop Theme - WatchStore",
    "updated_at": "2014-07-25 00:00:00",
    "url": "https://themeforest.net/item/responsive-prestashop-theme-watchstore/6007142?s_rank=107",
    "versions": {}
  },
  {
    "comments": 39,
    "created_at": "2014-07-23 00:00:00",
    "deleted_at": null,
    "name": "leo-milk-prestashop-theme",
    "sales": 133,
    "source": "themeforest",
    "title": "Leo Milk Prestashop Theme",
    "updated_at": "2017-06-27 00:00:00",
    "url": "https://themeforest.net/item/leo-milk-prestashop-theme/8302487?s_rank=58",
    "versions": {}
  },
  {
    "comments": 71,
    "created_at": "2015-02-13 00:00:00",
    "deleted_at": null,
    "name": "new-shopping-multiple-prestashop-themes",
    "sales": 133,
    "source": "themeforest",
    "title": "New Shopping - Multiple Prestashop Themes",
    "updated_at": "2017-07-05 00:00:00",
    "url": "https://themeforest.net/item/new-shopping-multiple-prestashop-themes/10399907?s_rank=221",
    "versions": {}
  },
  {
    "comments": 24,
    "created_at": "2014-03-01 00:00:00",
    "deleted_at": null,
    "name": "minimal-multi-purpose-prestashop-theme",
    "sales": 134,
    "source": "themeforest",
    "title": "Minimal Multi Purpose - Prestashop Theme",
    "updated_at": "2015-12-04 00:00:00",
    "url": "https://themeforest.net/item/minimal-multi-purpose-prestashop-theme/7010329?s_rank=238",
    "versions": {}
  },
  {
    "comments": 85,
    "created_at": "2013-09-03 00:00:00",
    "deleted_at": null,
    "name": "omart-mobile-ready-opencart-theme",
    "sales": 134,
    "source": "themeforest",
    "title": "Omart – Mobile ready Opencart theme",
    "updated_at": "2017-04-19 00:00:00",
    "url": "https://themeforest.net/item/omart-mobile-ready-opencart-theme/5492569?s_rank=787",
    "versions": {}
  },
  {
    "comments": 62,
    "created_at": "2012-10-25 00:00:00",
    "deleted_at": null,
    "name": "shinyshop-flexible-prestashop-theme",
    "sales": 135,
    "source": "themeforest",
    "title": "ShinyShop - Flexible Prestashop Theme",
    "updated_at": "2012-11-07 00:00:00",
    "url": "https://themeforest.net/item/shinyshop-flexible-prestashop-theme/3278233?s_rank=83",
    "versions": {}
  },
  {
    "comments": 36,
    "created_at": "2015-07-02 00:00:00",
    "deleted_at": null,
    "name": "rosa-responsive-prestashop-theme",
    "sales": 135,
    "source": "themeforest",
    "title": "Rosa - Shopping & Accessories Responsive Prestashop Theme",
    "updated_at": "2017-09-08 00:00:00",
    "url": "https://themeforest.net/item/rosa-responsive-prestashop-theme/11866691?s_rank=431",
    "versions": {}
  },
  {
    "comments": 36,
    "created_at": "2013-10-03 00:00:00",
    "deleted_at": null,
    "name": "responsive-dress-store-prestashop-theme-instyle",
    "sales": 135,
    "source": "themeforest",
    "title": "Responsive Dress Store PrestaShop Theme - InStyle",
    "updated_at": "2015-01-24 00:00:00",
    "url": "https://themeforest.net/item/responsive-dress-store-prestashop-theme-instyle/5750478?s_rank=532",
    "versions": {}
  },
  {
    "comments": 47,
    "created_at": "2016-11-19 00:00:00",
    "deleted_at": null,
    "name": "himarket-multipurpose-responsive-prestashop-mega-shop-theme",
    "sales": 135,
    "source": "themeforest",
    "title": "HiMarket - Multipurpose Responsive Prestashop 1.6 and 1.7 Mega Shop Theme",
    "updated_at": "2017-09-07 00:00:00",
    "url": "https://themeforest.net/item/himarket-multipurpose-responsive-prestashop-mega-shop-theme/18798988?s_rank=539",
    "versions": {}
  },
  {
    "comments": 45,
    "created_at": "2014-06-04 00:00:00",
    "deleted_at": null,
    "name": "bonita-responsive-prestashop-16-theme-blog",
    "sales": 136,
    "source": "themeforest",
    "title": "BONITA - Responsive Prestashop 1.6 Theme + Blog",
    "updated_at": "2014-07-07 00:00:00",
    "url": "https://themeforest.net/item/bonita-responsive-prestashop-16-theme-blog/7864857?s_rank=452",
    "versions": {}
  },
  {
    "comments": 37,
    "created_at": "2014-06-24 00:00:00",
    "deleted_at": null,
    "name": "pts-quickshop-prestashop-theme",
    "sales": 137,
    "source": "themeforest",
    "title": "Pts Quickshop  Prestashop Theme",
    "updated_at": "2017-08-05 00:00:00",
    "url": "https://themeforest.net/item/pts-quickshop-prestashop-theme/8016138?s_rank=78",
    "versions": {}
  },
  {
    "comments": 32,
    "created_at": "2016-02-17 00:00:00",
    "deleted_at": null,
    "name": "olantek-responsive-prestashop-theme",
    "sales": 140,
    "source": "themeforest",
    "title": "Olantek - Responsive Prestashop Theme",
    "updated_at": "2016-02-17 00:00:00",
    "url": "https://themeforest.net/item/olantek-responsive-prestashop-theme/14734320?s_rank=31",
    "versions": {}
  },
  {
    "comments": 85,
    "created_at": "2014-01-14 00:00:00",
    "deleted_at": null,
    "name": "erida-responsive-prestashop-theme",
    "sales": 140,
    "source": "themeforest",
    "title": "Erida - Responsive Prestashop Theme",
    "updated_at": "2016-04-13 00:00:00",
    "url": "https://themeforest.net/item/erida-responsive-prestashop-theme/6588683?s_rank=67",
    "versions": {
      "1.0": {
        "date": "2014-01-14 00:00:00"
      },
      "1.1": {
        "date": "2014-01-23 00:00:00"
      },
      "1.2": {
        "date": "2015-11-20 00:00:00"
      },
      "1.6": {
        "date": "2014-03-25 00:00:00"
      }
    }
  },
  {
    "comments": 17,
    "created_at": "2015-10-27 00:00:00",
    "deleted_at": null,
    "name": "boo-psd",
    "sales": 142,
    "source": "themeforest",
    "title": "BOO | PSD",
    "updated_at": "2015-12-07 00:00:00",
    "url": "https://themeforest.net/item/boo-psd/13257605?s_rank=795",
    "versions": {}
  },
  {
    "comments": 29,
    "created_at": "2013-12-03 00:00:00",
    "deleted_at": null,
    "name": "restaurant-prestashop-responsive-theme",
    "sales": 143,
    "source": "themeforest",
    "title": "Restaurant - Prestashop Responsive Theme",
    "updated_at": "2015-12-06 00:00:00",
    "url": "https://themeforest.net/item/restaurant-prestashop-responsive-theme/6269295?s_rank=77",
    "versions": {}
  },
  {
    "comments": 22,
    "created_at": "2015-07-03 00:00:00",
    "deleted_at": null,
    "name": "flaton-responsive-prestashop-digital-theme",
    "sales": 143,
    "source": "themeforest",
    "title": "Flaton - Responsive Prestashop Digital Theme",
    "updated_at": "2015-10-13 00:00:00",
    "url": "https://themeforest.net/item/flaton-responsive-prestashop-digital-theme/11873955?s_rank=165",
    "versions": {
      "1.0": {
        "date": "2015-06-26 00:00:00"
      },
      "1.1": {
        "date": "2015-09-23 00:00:00"
      },
      "1.2": {
        "date": "2015-10-13 00:00:00"
      }
    }
  },
  {
    "comments": 12,
    "created_at": "2013-04-12 00:00:00",
    "deleted_at": null,
    "name": "trego-ecommerce-psd-template",
    "sales": 143,
    "source": "themeforest",
    "title": "Trego - eCommerce PSD Template",
    "updated_at": "2013-04-16 00:00:00",
    "url": "https://themeforest.net/item/trego-ecommerce-psd-template/4510105?s_rank=803",
    "versions": {}
  },
  {
    "comments": 13,
    "created_at": "2014-12-05 00:00:00",
    "deleted_at": null,
    "name": "coffee-prestashop-responsive-theme",
    "sales": 144,
    "source": "themeforest",
    "title": "Coffee - Prestashop Responsive Theme",
    "updated_at": "2015-12-02 00:00:00",
    "url": "https://themeforest.net/item/coffee-prestashop-responsive-theme/9698003?s_rank=86",
    "versions": {}
  },
  {
    "comments": 53,
    "created_at": "2014-09-18 00:00:00",
    "deleted_at": null,
    "name": "perfectum-responsive-prestashop-theme",
    "sales": 145,
    "source": "themeforest",
    "title": "Perfectum – Responsive Prestashop theme",
    "updated_at": "2015-04-28 00:00:00",
    "url": "https://themeforest.net/item/perfectum-responsive-prestashop-theme/8922134?s_rank=55",
    "versions": {}
  },
  {
    "comments": 47,
    "created_at": "2015-02-06 00:00:00",
    "deleted_at": null,
    "name": "sns-kalolia-responsive-prestashop-theme",
    "sales": 145,
    "source": "themeforest",
    "title": "SNS Kalolia - Responsive Prestashop Theme",
    "updated_at": "2015-04-06 00:00:00",
    "url": "https://themeforest.net/item/sns-kalolia-responsive-prestashop-theme/10312986?s_rank=166",
    "versions": {
      "1.0": {
        "date": "2015-10-02 00:00:00"
      },
      "1.1": {
        "date": "2015-02-19 00:00:00"
      },
      "1.2": {
        "date": "2015-02-25 00:00:00"
      },
      "1.3": {
        "date": "2015-03-20 00:00:00"
      },
      "1.4": {
        "date": "2015-06-04 00:00:00"
      }
    }
  },
  {
    "comments": 20,
    "created_at": "2013-12-19 00:00:00",
    "deleted_at": null,
    "name": "kids-store-prestashop-responsive-theme",
    "sales": 146,
    "source": "themeforest",
    "title": "Kids Store - Prestashop Responsive Theme",
    "updated_at": "2015-12-08 00:00:00",
    "url": "https://themeforest.net/item/kids-store-prestashop-responsive-theme/6429303?s_rank=250",
    "versions": {}
  },
  {
    "comments": 61,
    "created_at": "2016-06-28 00:00:00",
    "deleted_at": null,
    "name": "focus-advanced-multipurpose-responsive-prestashop-theme",
    "sales": 146,
    "source": "themeforest",
    "title": "Focus - Advanced Multipurpose Responsive Prestashop 1.6 & 1.7 Theme | 16+ Homepages",
    "updated_at": "2017-08-26 00:00:00",
    "url": "https://themeforest.net/item/focus-advanced-multipurpose-responsive-prestashop-theme/16545517?s_rank=587",
    "versions": {}
  },
  {
    "comments": 35,
    "created_at": "2015-08-06 00:00:00",
    "deleted_at": null,
    "name": "carina-responsive-prestashop-theme",
    "sales": 147,
    "source": "themeforest",
    "title": "Carina - Furniture Responsive Prestashop Theme",
    "updated_at": "2017-09-08 00:00:00",
    "url": "https://themeforest.net/item/carina-responsive-prestashop-theme/12319748?s_rank=172",
    "versions": {}
  },
  {
    "comments": 48,
    "created_at": "2014-12-11 00:00:00",
    "deleted_at": null,
    "name": "g2shop-responsive-prestashop-theme",
    "sales": 148,
    "source": "themeforest",
    "title": "G2Shop - Responsive Prestashop Theme",
    "updated_at": "2016-11-01 00:00:00",
    "url": "https://themeforest.net/item/g2shop-responsive-prestashop-theme/9749633?s_rank=51",
    "versions": {}
  },
  {
    "comments": 22,
    "created_at": "2015-03-25 00:00:00",
    "deleted_at": null,
    "name": "fresh-store-responsive-prestashop-theme",
    "sales": 148,
    "source": "themeforest",
    "title": "Fresh Store Responsive Prestashop Theme",
    "updated_at": "2017-08-31 00:00:00",
    "url": "https://themeforest.net/item/fresh-store-responsive-prestashop-theme/10748419?s_rank=206",
    "versions": {}
  },
  {
    "comments": 71,
    "created_at": "2013-06-08 00:00:00",
    "deleted_at": null,
    "name": "dmart-clean-and-responsive-drupal-commerce-theme",
    "sales": 148,
    "source": "themeforest",
    "title": "Dmart - Clean and Responsive Drupal Commerce theme",
    "updated_at": "2015-02-27 00:00:00",
    "url": "https://themeforest.net/item/dmart-clean-and-responsive-drupal-commerce-theme/4881703?s_rank=786",
    "versions": {}
  },
  {
    "comments": 39,
    "created_at": "2013-06-12 00:00:00",
    "deleted_at": null,
    "name": "leo-bike-prestashop-theme",
    "sales": 149,
    "source": "themeforest",
    "title": "Leo Bike Prestashop Theme",
    "updated_at": "2017-06-16 00:00:00",
    "url": "https://themeforest.net/item/leo-bike-prestashop-theme/4946622?s_rank=94",
    "versions": {}
  },
  {
    "comments": 31,
    "created_at": "2016-06-28 00:00:00",
    "deleted_at": null,
    "name": "flexshop-multipurpose-responsive-prestashop-theme",
    "sales": 151,
    "source": "themeforest",
    "title": "Flexshop - Multipurpose Responsive Prestashop Theme",
    "updated_at": "2017-03-11 00:00:00",
    "url": "https://themeforest.net/item/flexshop-multipurpose-responsive-prestashop-theme/16862260?s_rank=59",
    "versions": {}
  },
  {
    "comments": 43,
    "created_at": "2014-03-19 00:00:00",
    "deleted_at": null,
    "name": "leo-furniture-prestashop-theme",
    "sales": 151,
    "source": "themeforest",
    "title": "Leo Furniture Prestashop Theme",
    "updated_at": "2017-06-16 00:00:00",
    "url": "https://themeforest.net/item/leo-furniture-prestashop-theme/7191890?s_rank=76",
    "versions": {}
  },
  {
    "comments": 68,
    "created_at": "2015-05-08 00:00:00",
    "deleted_at": null,
    "name": "maxshop-multipurpose-responsive-prestashop-theme",
    "sales": 152,
    "source": "themeforest",
    "title": "Maxshop - Multipurpose Responsive Prestashop Theme",
    "updated_at": "2017-02-04 00:00:00",
    "url": "https://themeforest.net/item/maxshop-multipurpose-responsive-prestashop-theme/11364909?s_rank=210",
    "versions": {}
  },
  {
    "comments": 157,
    "created_at": "2016-05-03 00:00:00",
    "deleted_at": null,
    "name": "autoworld-spare-parts-responsive-prestashop-theme",
    "sales": 156,
    "source": "themeforest",
    "title": "Autoworld - Spare Parts Responsive PrestaShop 1.6 and 1.7 Theme",
    "updated_at": "2017-09-11 00:00:00",
    "url": "https://themeforest.net/item/autoworld-spare-parts-responsive-prestashop-theme/15681898?s_rank=612",
    "versions": {}
  },
  {
    "comments": 35,
    "created_at": "2014-06-14 00:00:00",
    "deleted_at": null,
    "name": "leo-cosmetics-prestashop-theme",
    "sales": 158,
    "source": "themeforest",
    "title": "Leo Cosmetics Prestashop Theme",
    "updated_at": "2016-07-04 00:00:00",
    "url": "https://themeforest.net/item/leo-cosmetics-prestashop-theme/7960608?s_rank=60",
    "versions": {}
  },
  {
    "comments": 67,
    "created_at": "2013-05-30 00:00:00",
    "deleted_at": null,
    "name": "-metrofas-responsive-prestashop-theme-",
    "sales": 160,
    "source": "themeforest",
    "title": " MetroFas - Responsive PrestaShop Theme ",
    "updated_at": "2015-08-12 00:00:00",
    "url": "https://themeforest.net/item/-metrofas-responsive-prestashop-theme-/4835098?s_rank=81",
    "versions": {}
  },
  {
    "comments": 73,
    "created_at": "2014-05-01 00:00:00",
    "deleted_at": null,
    "name": "pts-stationery-responsive-prestashop-16-theme",
    "sales": 161,
    "source": "themeforest",
    "title": "Pts Stationery Responsive Prestashop 1.6 Theme",
    "updated_at": "2017-08-05 00:00:00",
    "url": "https://themeforest.net/item/pts-stationery-responsive-prestashop-16-theme/7586501?s_rank=492",
    "versions": {}
  },
  {
    "comments": 64,
    "created_at": "2013-06-06 00:00:00",
    "deleted_at": null,
    "name": "metros-minimalist-responsive-metro-style-theme",
    "sales": 165,
    "source": "themeforest",
    "title": "METROS - Minimalist Responsive Metro Style Theme",
    "updated_at": "2015-08-12 00:00:00",
    "url": "https://themeforest.net/item/metros-minimalist-responsive-metro-style-theme/4882221?s_rank=753",
    "versions": {}
  },
  {
    "comments": 104,
    "created_at": "2013-02-28 00:00:00",
    "deleted_at": null,
    "name": "alysum-premium-opencart-theme-with-extras",
    "sales": 165,
    "source": "themeforest",
    "title": "Alysum - Premium OpenCart Theme with Extras",
    "updated_at": "2013-08-18 00:00:00",
    "url": "https://themeforest.net/item/alysum-premium-opencart-theme-with-extras/4142033?s_rank=805",
    "versions": {}
  },
  {
    "comments": 47,
    "created_at": "2014-02-28 00:00:00",
    "deleted_at": null,
    "name": "leo-clothes-prestashop-theme",
    "sales": 166,
    "source": "themeforest",
    "title": "Leo Clothes Prestashop Theme",
    "updated_at": "2017-06-15 00:00:00",
    "url": "https://themeforest.net/item/leo-clothes-prestashop-theme/6971886?s_rank=44",
    "versions": {}
  },
  {
    "comments": 57,
    "created_at": "2013-10-15 00:00:00",
    "deleted_at": null,
    "name": "styleshop-responsive-prestashop-16-theme",
    "sales": 166,
    "source": "themeforest",
    "title": "Styleshop - Responsive Prestashop 1.6 Theme",
    "updated_at": "2014-07-14 00:00:00",
    "url": "https://themeforest.net/item/styleshop-responsive-prestashop-16-theme/5841714?s_rank=222",
    "versions": {}
  },
  {
    "comments": 9,
    "created_at": "2013-01-22 00:00:00",
    "deleted_at": null,
    "name": "shopfine-modern-premium-ecommerce-psd",
    "sales": 169,
    "source": "themeforest",
    "title": "ShopFine : Modern Premium eCommerce PSD",
    "updated_at": "2013-01-22 00:00:00",
    "url": "https://themeforest.net/item/shopfine-modern-premium-ecommerce-psd/3842803?s_rank=731",
    "versions": {}
  },
  {
    "comments": 85,
    "created_at": "2014-03-18 00:00:00",
    "deleted_at": null,
    "name": "lepus-responsive-prestashop-theme",
    "sales": 170,
    "source": "themeforest",
    "title": "Lepus - Responsive Prestashop Theme",
    "updated_at": "2014-04-11 00:00:00",
    "url": "https://themeforest.net/item/lepus-responsive-prestashop-theme/7149855?s_rank=52",
    "versions": {
      "1.0": {
        "date": "2014-03-14 00:00:00"
      },
      "1.1": {
        "date": "2014-03-26 00:00:00"
      },
      "1.2": {
        "date": "2014-05-04 00:00:00"
      },
      "1.3": {
        "date": "2014-11-04 00:00:00"
      },
      "1.6": {
        "date": "2014-03-24 00:00:00"
      }
    }
  },
  {
    "comments": 61,
    "created_at": "2016-06-22 00:00:00",
    "deleted_at": null,
    "name": "clickboom-responsive-prestashop-multipurpose-theme",
    "sales": 170,
    "source": "themeforest",
    "title": "ClickBoom - Responsive Multipurpose Prestashop 1.6 and 1.7 Theme",
    "updated_at": "2017-09-06 00:00:00",
    "url": "https://themeforest.net/item/clickboom-responsive-prestashop-multipurpose-theme/16481159?s_rank=275",
    "versions": {}
  },
  {
    "comments": 78,
    "created_at": "2013-07-23 00:00:00",
    "deleted_at": null,
    "name": "leo-tracy-prestashop-theme",
    "sales": 175,
    "source": "themeforest",
    "title": "Leo Tracy Prestashop Theme",
    "updated_at": "2017-08-23 00:00:00",
    "url": "https://themeforest.net/item/leo-tracy-prestashop-theme/5232125?s_rank=54",
    "versions": {}
  },
  {
    "comments": 62,
    "created_at": "2013-11-29 00:00:00",
    "deleted_at": null,
    "name": "pos-argona-responsive-prestashop-theme",
    "sales": 177,
    "source": "themeforest",
    "title": "Pos Argona - Responsive Prestashop Theme",
    "updated_at": "2014-03-25 00:00:00",
    "url": "https://themeforest.net/item/pos-argona-responsive-prestashop-theme/6231837?s_rank=188",
    "versions": {
      "1.0": {
        "date": "2013-11-24 00:00:00"
      },
      "1.1": {
        "date": "2014-08-01 00:00:00"
      },
      "1.3": {
        "date": "2014-01-24 00:00:00"
      },
      "1.6": {
        "date": "2014-03-25 00:00:00"
      }
    }
  },
  {
    "comments": 10,
    "created_at": "2015-11-19 00:00:00",
    "deleted_at": null,
    "name": "leka-ecommerce-html-responsive-template",
    "sales": 177,
    "source": "themeforest",
    "title": "Leka - Ecommerce HTML Responsive Template",
    "updated_at": "2016-03-11 00:00:00",
    "url": "https://themeforest.net/item/leka-ecommerce-html-responsive-template/13620839?s_rank=726",
    "versions": {}
  },
  {
    "comments": 100,
    "created_at": "2014-11-27 00:00:00",
    "deleted_at": null,
    "name": "pts-mixstore-multiplepurpose-prestashop-theme",
    "sales": 178,
    "source": "themeforest",
    "title": "Pts Mixstore - Multiple-Purpose Prestashop Theme",
    "updated_at": "2017-07-05 00:00:00",
    "url": "https://themeforest.net/item/pts-mixstore-multiplepurpose-prestashop-theme/9526603?s_rank=346",
    "versions": {}
  },
  {
    "comments": 51,
    "created_at": "2016-12-22 00:00:00",
    "deleted_at": null,
    "name": "destino-digitalfashion-store-prestashop-17-theme",
    "sales": 184,
    "source": "themeforest",
    "title": "Destino - Digital/Fashion Store PrestaShop 1.7.x Theme",
    "updated_at": "2017-09-06 00:00:00",
    "url": "https://themeforest.net/item/destino-digitalfashion-store-prestashop-17-theme/19159309?s_rank=445",
    "versions": {}
  },
  {
    "comments": 39,
    "created_at": "2013-05-19 00:00:00",
    "deleted_at": null,
    "name": "leo-dress-store-prestashop-theme",
    "sales": 185,
    "source": "themeforest",
    "title": "Leo Dress Store Prestashop Theme",
    "updated_at": "2016-07-13 00:00:00",
    "url": "https://themeforest.net/item/leo-dress-store-prestashop-theme/4741971?s_rank=183",
    "versions": {}
  },
  {
    "comments": 104,
    "created_at": "2013-05-27 00:00:00",
    "deleted_at": null,
    "name": "mj-simple-responsive-woocommerce-theme",
    "sales": 186,
    "source": "themeforest",
    "title": "MJ Simple - Responsive WooCommerce theme",
    "updated_at": "2017-03-06 00:00:00",
    "url": "https://themeforest.net/item/mj-simple-responsive-woocommerce-theme/4410174?s_rank=785",
    "versions": {}
  },
  {
    "comments": 61,
    "created_at": "2013-11-05 00:00:00",
    "deleted_at": null,
    "name": "cance-metro-responsive-prestashop-theme",
    "sales": 187,
    "source": "themeforest",
    "title": "CANCE - Metro Responsive Prestashop Theme",
    "updated_at": "2014-03-25 00:00:00",
    "url": "https://themeforest.net/item/cance-metro-responsive-prestashop-theme/6036311?s_rank=185",
    "versions": {
      "1.0": {
        "date": "2013-07-11 00:00:00"
      },
      "1.1": {
        "date": "2013-12-24 00:00:00"
      },
      "1.2": {
        "date": "2014-08-01 00:00:00"
      },
      "1.4": {
        "date": "2014-01-24 00:00:00"
      },
      "1.6": {
        "date": "2014-03-25 00:00:00"
      }
    }
  },
  {
    "comments": 71,
    "created_at": "2013-07-03 00:00:00",
    "deleted_at": null,
    "name": "leo-flowers-prestashop-theme",
    "sales": 188,
    "source": "themeforest",
    "title": "Leo Flowers Prestashop Theme",
    "updated_at": "2017-06-20 00:00:00",
    "url": "https://themeforest.net/item/leo-flowers-prestashop-theme/5104664?s_rank=57",
    "versions": {}
  },
  {
    "comments": 87,
    "created_at": "2013-08-28 00:00:00",
    "deleted_at": null,
    "name": "endora-responsive-prestashop-theme",
    "sales": 190,
    "source": "themeforest",
    "title": "Endora - Responsive Prestashop Theme",
    "updated_at": "2014-09-16 00:00:00",
    "url": "https://themeforest.net/item/endora-responsive-prestashop-theme/5402815?s_rank=68",
    "versions": {}
  },
  {
    "comments": 78,
    "created_at": "2014-07-18 00:00:00",
    "deleted_at": null,
    "name": "pisces-multipurpose-responsive-prestashop-theme",
    "sales": 190,
    "source": "themeforest",
    "title": "Pisces - Multipurpose Responsive Prestashop Theme",
    "updated_at": "2014-07-18 00:00:00",
    "url": "https://themeforest.net/item/pisces-multipurpose-responsive-prestashop-theme/8237530?s_rank=207",
    "versions": {
      "1.0": {
        "date": "2014-11-07 00:00:00"
      }
    }
  },
  {
    "comments": 64,
    "created_at": "2016-11-24 00:00:00",
    "deleted_at": null,
    "name": "ayon-multipurpose-responsive-prestashop-theme",
    "sales": 191,
    "source": "themeforest",
    "title": "AYON - Multipurpose Responsive Prestashop Theme",
    "updated_at": "2017-07-30 00:00:00",
    "url": "https://themeforest.net/item/ayon-multipurpose-responsive-prestashop-theme/18628985?s_rank=32",
    "versions": {}
  },
  {
    "comments": 19,
    "created_at": "2015-08-20 00:00:00",
    "deleted_at": null,
    "name": "smile-responsive-prestashoptheme",
    "sales": 192,
    "source": "themeforest",
    "title": "Smile - Responsive PrestashopTheme",
    "updated_at": "2016-08-31 00:00:00",
    "url": "https://themeforest.net/item/smile-responsive-prestashoptheme/12447498?s_rank=781",
    "versions": {}
  },
  {
    "comments": 66,
    "created_at": "2016-11-19 00:00:00",
    "deleted_at": null,
    "name": "revo-premium-responsive-prestashop-mega-store-theme",
    "sales": 193,
    "source": "themeforest",
    "title": "Revo - Premium Responsive Prestashop 1.6 and 1.7 Mega Store Theme",
    "updated_at": "2017-09-05 00:00:00",
    "url": "https://themeforest.net/item/revo-premium-responsive-prestashop-mega-store-theme/18614752?s_rank=472",
    "versions": {}
  },
  {
    "comments": 54,
    "created_at": "2016-03-10 00:00:00",
    "deleted_at": null,
    "name": "kuteshop-multipurpose-prestashop-theme",
    "sales": 194,
    "source": "themeforest",
    "title": "KuteShop - Multipurpose Prestashop Theme",
    "updated_at": "2017-01-17 00:00:00",
    "url": "https://themeforest.net/item/kuteshop-multipurpose-prestashop-theme/14983992?s_rank=18",
    "versions": {}
  },
  {
    "comments": 65,
    "created_at": "2012-09-18 00:00:00",
    "deleted_at": null,
    "name": "eggthemes-urbanista-fashion-theme",
    "sales": 194,
    "source": "themeforest",
    "title": "EggThemes Urbanista - Fashion Theme",
    "updated_at": "2014-01-24 00:00:00",
    "url": "https://themeforest.net/item/eggthemes-urbanista-fashion-theme/3020232?s_rank=766",
    "versions": {}
  },
  {
    "comments": 73,
    "created_at": "2016-01-12 00:00:00",
    "deleted_at": null,
    "name": "matrix-multipurpose-responsive-prestashop-theme",
    "sales": 195,
    "source": "themeforest",
    "title": "Matrix - Multipurpose Responsive Prestashop Theme",
    "updated_at": "2017-02-04 00:00:00",
    "url": "https://themeforest.net/item/matrix-multipurpose-responsive-prestashop-theme/14348873?s_rank=124",
    "versions": {}
  },
  {
    "comments": 37,
    "created_at": "2016-02-29 00:00:00",
    "deleted_at": null,
    "name": "rococo-responsive-prestashop-theme",
    "sales": 195,
    "source": "themeforest",
    "title": "Rococo - Shopping & Accessories Responsive Prestashop Theme",
    "updated_at": "2017-09-08 00:00:00",
    "url": "https://themeforest.net/item/rococo-responsive-prestashop-theme/14900411?s_rank=281",
    "versions": {}
  },
  {
    "comments": 36,
    "created_at": "2014-08-21 00:00:00",
    "deleted_at": null,
    "name": "leo-super-market",
    "sales": 200,
    "source": "themeforest",
    "title": "Leo Super Market",
    "updated_at": "2016-07-13 00:00:00",
    "url": "https://themeforest.net/item/leo-super-market/8641970?s_rank=758",
    "versions": {}
  },
  {
    "comments": 33,
    "created_at": "2014-02-13 00:00:00",
    "deleted_at": null,
    "name": "auto-parts-tools-prestashop-theme",
    "sales": 201,
    "source": "themeforest",
    "title": "Auto Parts - Tools Prestashop Theme",
    "updated_at": "2015-12-08 00:00:00",
    "url": "https://themeforest.net/item/auto-parts-tools-prestashop-theme/6844583?s_rank=182",
    "versions": {}
  },
  {
    "comments": 79,
    "created_at": "2015-07-13 00:00:00",
    "deleted_at": null,
    "name": "jms-enter-responsive-fashion-prestashop-theme",
    "sales": 201,
    "source": "themeforest",
    "title": "JMS Enter - Responsive Fashion Prestashop Theme",
    "updated_at": "2015-12-10 00:00:00",
    "url": "https://themeforest.net/item/jms-enter-responsive-fashion-prestashop-theme/11994758?s_rank=317",
    "versions": {}
  },
  {
    "comments": 90,
    "created_at": "2013-08-29 00:00:00",
    "deleted_at": null,
    "name": "leo-best-buy-prestashop-theme",
    "sales": 203,
    "source": "themeforest",
    "title": "Leo Best Buy Prestashop Theme",
    "updated_at": "2017-06-15 00:00:00",
    "url": "https://themeforest.net/item/leo-best-buy-prestashop-theme/5477883?s_rank=199",
    "versions": {}
  },
  {
    "comments": 94,
    "created_at": "2013-12-19 00:00:00",
    "deleted_at": null,
    "name": "corau-fashion-responsive-prestashop-theme",
    "sales": 204,
    "source": "themeforest",
    "title": "Corau - Fashion Responsive Prestashop Theme",
    "updated_at": "2014-04-10 00:00:00",
    "url": "https://themeforest.net/item/corau-fashion-responsive-prestashop-theme/6436223?s_rank=168",
    "versions": {
      "1.0": {
        "date": "2014-08-01 00:00:00"
      },
      "1.3": {
        "date": "2014-01-24 00:00:00"
      },
      "1.4": {
        "date": "2014-10-04 00:00:00"
      },
      "1.6": {
        "date": "2014-03-24 00:00:00"
      }
    }
  },
  {
    "comments": 49,
    "created_at": "2014-04-22 00:00:00",
    "deleted_at": null,
    "name": "-cepheu-responsive-prestashop-theme",
    "sales": 205,
    "source": "themeforest",
    "title": " Cepheu - Responsive Prestashop Theme",
    "updated_at": "2016-04-13 00:00:00",
    "url": "https://themeforest.net/item/-cepheu-responsive-prestashop-theme/7504880?s_rank=41",
    "versions": {
      "1.0": {
        "date": "2014-04-16 00:00:00"
      },
      "1.1": {
        "date": "2014-05-16 00:00:00"
      },
      "1.2": {
        "date": "2015-11-19 00:00:00"
      }
    }
  },
  {
    "comments": 19,
    "created_at": "2013-07-03 00:00:00",
    "deleted_at": null,
    "name": "venedor-bootstrap-responsive-ecommerce-psd",
    "sales": 205,
    "source": "themeforest",
    "title": "Venedor - Bootstrap Responsive eCommerce PSD",
    "updated_at": "2013-07-11 00:00:00",
    "url": "https://themeforest.net/item/venedor-bootstrap-responsive-ecommerce-psd/5101438?s_rank=779",
    "versions": {}
  },
  {
    "comments": 67,
    "created_at": "2016-12-27 00:00:00",
    "deleted_at": null,
    "name": "organie-a-delightful-organic-store-ecommerce-prestashop-theme",
    "sales": 209,
    "source": "themeforest",
    "title": "Organie - A Delightful Organic Store eCommerce Prestashop Theme V1.6 & V1.7.1",
    "updated_at": "2017-06-02 00:00:00",
    "url": "https://themeforest.net/item/organie-a-delightful-organic-store-ecommerce-prestashop-theme/19206461?s_rank=388",
    "versions": {}
  },
  {
    "comments": 57,
    "created_at": "2016-09-23 00:00:00",
    "deleted_at": null,
    "name": "wenro-multipurpose-responsive-prestashop-theme-16-homepages-fashion-furniture-digital-and-more",
    "sales": 209,
    "source": "themeforest",
    "title": "Wenro - Multipurpose Prestashop 1.6, 1.7 Theme | 16 Homepages Fashion, Furniture, Digital and more",
    "updated_at": "2017-07-13 00:00:00",
    "url": "https://themeforest.net/item/wenro-multipurpose-responsive-prestashop-theme-16-homepages-fashion-furniture-digital-and-more/18049643?s_rank=677",
    "versions": {}
  },
  {
    "comments": 17,
    "created_at": "2013-09-06 00:00:00",
    "deleted_at": null,
    "name": "vigo-shop-responsive-bootstrap-ecommerce-psd",
    "sales": 221,
    "source": "themeforest",
    "title": "Vigo Shop - Responsive Bootstrap eCommerce PSD",
    "updated_at": "2016-04-16 00:00:00",
    "url": "https://themeforest.net/item/vigo-shop-responsive-bootstrap-ecommerce-psd/5531715?s_rank=777",
    "versions": {}
  },
  {
    "comments": 40,
    "created_at": "2015-12-16 00:00:00",
    "deleted_at": null,
    "name": "leka-premium-responsive-prestashop-theme",
    "sales": 222,
    "source": "themeforest",
    "title": "Leka - Premium Responsive Prestashop Theme",
    "updated_at": "2017-03-14 00:00:00",
    "url": "https://themeforest.net/item/leka-premium-responsive-prestashop-theme/13985167?s_rank=93",
    "versions": {}
  },
  {
    "comments": 62,
    "created_at": "2015-05-20 00:00:00",
    "deleted_at": null,
    "name": "pts-newfashion-prestashop-themes",
    "sales": 225,
    "source": "themeforest",
    "title": "Pts NewFashion - Prestashop Themes",
    "updated_at": "2017-08-05 00:00:00",
    "url": "https://themeforest.net/item/pts-newfashion-prestashop-themes/11458712?s_rank=26",
    "versions": {}
  },
  {
    "comments": 41,
    "created_at": "2015-10-29 00:00:00",
    "deleted_at": null,
    "name": "milano-responsive-prestashop-theme",
    "sales": 225,
    "source": "themeforest",
    "title": "Milano Responsive Prestashop 1.7, 1.6  Theme",
    "updated_at": "2017-07-26 00:00:00",
    "url": "https://themeforest.net/item/milano-responsive-prestashop-theme/13341388?s_rank=336",
    "versions": {}
  },
  {
    "comments": 90,
    "created_at": "2013-05-14 00:00:00",
    "deleted_at": null,
    "name": "classicshop-responsive-prestashop-theme",
    "sales": 234,
    "source": "themeforest",
    "title": "ClassicShop Responsive PrestaShop Theme",
    "updated_at": "2015-03-18 00:00:00",
    "url": "https://themeforest.net/item/classicshop-responsive-prestashop-theme/4720957?s_rank=37",
    "versions": {}
  },
  {
    "comments": 36,
    "created_at": "2016-06-08 00:00:00",
    "deleted_at": null,
    "name": "boutique-kute-responsive-prestashop-theme",
    "sales": 234,
    "source": "themeforest",
    "title": "Boutique - Kute Responsive Prestashop Theme",
    "updated_at": "2017-02-28 00:00:00",
    "url": "https://themeforest.net/item/boutique-kute-responsive-prestashop-theme/16244470?s_rank=62",
    "versions": {}
  },
  {
    "comments": 55,
    "created_at": "2014-02-20 00:00:00",
    "deleted_at": null,
    "name": "lookz-prestashop-parallax-template",
    "sales": 235,
    "source": "themeforest",
    "title": "Lookz - Prestashop Parallax Template",
    "updated_at": "2015-12-04 00:00:00",
    "url": "https://themeforest.net/item/lookz-prestashop-parallax-template/6917294?s_rank=38",
    "versions": {}
  },
  {
    "comments": 98,
    "created_at": "2015-03-21 00:00:00",
    "deleted_at": null,
    "name": "market-responsive-multipurpose-prestashop-theme",
    "sales": 235,
    "source": "themeforest",
    "title": "Market - Responsive Multipurpose Prestashop 1.6 and 1.7 Theme",
    "updated_at": "2017-09-07 00:00:00",
    "url": "https://themeforest.net/item/market-responsive-multipurpose-prestashop-theme/10803331?s_rank=359",
    "versions": {}
  },
  {
    "comments": 82,
    "created_at": "2013-06-21 00:00:00",
    "deleted_at": null,
    "name": "leo-gifts-prestashop-theme",
    "sales": 237,
    "source": "themeforest",
    "title": "Leo Gifts Prestashop Theme",
    "updated_at": "2017-06-20 00:00:00",
    "url": "https://themeforest.net/item/leo-gifts-prestashop-theme/5021629?s_rank=50",
    "versions": {}
  },
  {
    "comments": 47,
    "created_at": "2014-10-16 00:00:00",
    "deleted_at": null,
    "name": "branchy-prestashop-responsive-theme",
    "sales": 239,
    "source": "themeforest",
    "title": "Branchy - Prestashop Responsive Theme",
    "updated_at": "2015-12-03 00:00:00",
    "url": "https://themeforest.net/item/branchy-prestashop-responsive-theme/9192202?s_rank=33",
    "versions": {}
  },
  {
    "comments": 109,
    "created_at": "2014-05-14 00:00:00",
    "deleted_at": null,
    "name": "leo-styleshop-prestashop-theme",
    "sales": 257,
    "source": "themeforest",
    "title": "Leo StyleShop Prestashop Theme",
    "updated_at": "2016-07-20 00:00:00",
    "url": "https://themeforest.net/item/leo-styleshop-prestashop-theme/7682175?s_rank=40",
    "versions": {}
  },
  {
    "comments": 126,
    "created_at": "2014-12-02 00:00:00",
    "deleted_at": null,
    "name": "themanier-premium-multipurpose-prestashop-theme",
    "sales": 259,
    "source": "themeforest",
    "title": "TheManier - Premium Multi-Purpose PrestaShop Theme",
    "updated_at": "2015-07-23 00:00:00",
    "url": "https://themeforest.net/item/themanier-premium-multipurpose-prestashop-theme/9651253?s_rank=354",
    "versions": {
      "1.0": {
        "date": "2014-11-29 00:00:00"
      },
      "1.0.1": {
        "date": "2014-12-04 00:00:00"
      },
      "1.0.2": {
        "date": "2014-12-07 00:00:00"
      },
      "1.0.3": {
        "date": "2014-12-09 00:00:00"
      },
      "1.0.4": {
        "date": "2014-12-12 00:00:00"
      },
      "1.0.5": {
        "date": "2014-12-15 00:00:00"
      },
      "1.0.6": {
        "date": "2014-12-20 00:00:00"
      },
      "1.0.7": {
        "date": "2015-01-16 00:00:00"
      },
      "1.0.8": {
        "date": "2015-01-23 00:00:00"
      },
      "1.1": {
        "date": "2015-02-04 00:00:00"
      },
      "1.1.1": {
        "date": "2015-02-10 00:00:00"
      },
      "1.1.2": {
        "date": "2015-02-17 00:00:00"
      },
      "1.1.3": {
        "date": "2015-02-26 00:00:00"
      },
      "1.1.4": {
        "date": "2015-02-27 00:00:00"
      },
      "1.1.5": {
        "date": "2015-03-06 00:00:00"
      },
      "1.1.6": {
        "date": "2015-03-07 00:00:00"
      },
      "1.1.7": {
        "date": "2015-04-02 00:00:00"
      },
      "1.1.8": {
        "date": "2015-04-20 00:00:00"
      },
      "1.1.9": {
        "date": "2015-05-14 00:00:00"
      },
      "1.2.0": {
        "date": "2015-06-02 00:00:00"
      },
      "1.2.1": {
        "date": "2015-07-22 00:00:00"
      }
    }
  },
  {
    "comments": 116,
    "created_at": "2012-10-03 00:00:00",
    "deleted_at": null,
    "name": "multishop-prestashop-theme",
    "sales": 260,
    "source": "themeforest",
    "title": "Multishop - Prestashop Theme",
    "updated_at": "2013-06-28 00:00:00",
    "url": "https://themeforest.net/item/multishop-prestashop-theme/3131531?s_rank=64",
    "versions": {}
  },
  {
    "comments": 39,
    "created_at": "2014-07-25 00:00:00",
    "deleted_at": null,
    "name": "leo-wine-store-theme",
    "sales": 261,
    "source": "themeforest",
    "title": "Leo Wine Store Theme",
    "updated_at": "2017-08-25 00:00:00",
    "url": "https://themeforest.net/item/leo-wine-store-theme/8386794?s_rank=756",
    "versions": {}
  },
  {
    "comments": 113,
    "created_at": "2015-07-03 00:00:00",
    "deleted_at": null,
    "name": "shoppy-store-responsive-prestashop-theme",
    "sales": 264,
    "source": "themeforest",
    "title": "Shoppy Store - Responsive Prestashop Theme",
    "updated_at": "2017-04-24 00:00:00",
    "url": "https://themeforest.net/item/shoppy-store-responsive-prestashop-theme/11867851?s_rank=96",
    "versions": {}
  },
  {
    "comments": 63,
    "created_at": "2015-03-24 00:00:00",
    "deleted_at": null,
    "name": "glory-multipurpose-responsive-prestashop-theme",
    "sales": 272,
    "source": "themeforest",
    "title": "Glory - Multipurpose Responsive PrestaShop Theme",
    "updated_at": "2015-12-22 00:00:00",
    "url": "https://themeforest.net/item/glory-multipurpose-responsive-prestashop-theme/10854554?s_rank=120",
    "versions": {}
  },
  {
    "comments": 29,
    "created_at": "2014-03-09 00:00:00",
    "deleted_at": null,
    "name": "fengo-responsive-ecommerce-psd-template",
    "sales": 274,
    "source": "themeforest",
    "title": "Fengo - Responsive eCommerce PSD Template",
    "updated_at": "2016-04-16 00:00:00",
    "url": "https://themeforest.net/item/fengo-responsive-ecommerce-psd-template/6986388?s_rank=767",
    "versions": {}
  },
  {
    "comments": 70,
    "created_at": "2015-02-18 00:00:00",
    "deleted_at": null,
    "name": "sns-nova-responsive-prestashop-theme",
    "sales": 277,
    "source": "themeforest",
    "title": "SNS Nova - Responsive Prestashop Theme",
    "updated_at": "2015-04-28 00:00:00",
    "url": "https://themeforest.net/item/sns-nova-responsive-prestashop-theme/10424433?s_rank=73",
    "versions": {
      "1.0": {
        "date": "2015-02-26 00:00:00"
      },
      "1.1": {
        "date": "2015-05-03 00:00:00"
      },
      "1.2": {
        "date": "2015-03-21 00:00:00"
      },
      "1.3": {
        "date": "2015-04-15 00:00:00"
      },
      "1.4": {
        "date": "2015-04-27 00:00:00"
      }
    }
  },
  {
    "comments": 16,
    "created_at": "2013-10-31 00:00:00",
    "deleted_at": null,
    "name": "online-sale-responsive-html5-ecommerce-template",
    "sales": 281,
    "source": "themeforest",
    "title": "Online Sale - Responsive HTML5 eCommerce Template",
    "updated_at": "2015-07-12 00:00:00",
    "url": "https://themeforest.net/item/online-sale-responsive-html5-ecommerce-template/5989282?s_rank=728",
    "versions": {}
  },
  {
    "comments": 44,
    "created_at": "2015-11-26 00:00:00",
    "deleted_at": null,
    "name": "leo-cool-stuff-responsive-prestashop-theme",
    "sales": 282,
    "source": "themeforest",
    "title": "Leo Cool Stuff Responsive Prestashop Theme",
    "updated_at": "2017-08-25 00:00:00",
    "url": "https://themeforest.net/item/leo-cool-stuff-responsive-prestashop-theme/13728390?s_rank=242",
    "versions": {}
  },
  {
    "comments": 113,
    "created_at": "2014-05-22 00:00:00",
    "deleted_at": null,
    "name": "magma-fashion-responsive-prestashop-template",
    "sales": 287,
    "source": "themeforest",
    "title": "MAGMA - Fashion Responsive PrestaShop Template",
    "updated_at": "2015-10-05 00:00:00",
    "url": "https://themeforest.net/item/magma-fashion-responsive-prestashop-template/7792001?s_rank=132",
    "versions": {}
  },
  {
    "comments": 111,
    "created_at": "2014-08-28 00:00:00",
    "deleted_at": null,
    "name": "orion-mega-shop-responsive-prestashop-theme",
    "sales": 298,
    "source": "themeforest",
    "title": "Orion - Mega Shop Responsive Prestashop Theme",
    "updated_at": "2016-04-13 00:00:00",
    "url": "https://themeforest.net/item/orion-mega-shop-responsive-prestashop-theme/8719550?s_rank=365",
    "versions": {
      "1.0": {
        "date": "2014-08-26 00:00:00"
      },
      "1.1": {
        "date": "2014-09-22 00:00:00"
      },
      "1.2": {
        "date": "2015-01-20 00:00:00"
      },
      "1.3": {
        "date": "2015-11-18 00:00:00"
      }
    }
  },
  {
    "comments": 53,
    "created_at": "2014-05-28 00:00:00",
    "deleted_at": null,
    "name": "medicine-pharmacy-prestashop-theme",
    "sales": 299,
    "source": "themeforest",
    "title": "Medicine - Pharmacy Prestashop Theme",
    "updated_at": "2015-12-08 00:00:00",
    "url": "https://themeforest.net/item/medicine-pharmacy-prestashop-theme/7805622?s_rank=28",
    "versions": {}
  },
  {
    "comments": 97,
    "created_at": "2014-07-23 00:00:00",
    "deleted_at": null,
    "name": "premium-responsive-parallax-fashion-bags-store-prestashop-themes",
    "sales": 303,
    "source": "themeforest",
    "title": "Premium Responsive Parallax Fashion & Bags Store PrestaShop Themes",
    "updated_at": "2016-04-04 00:00:00",
    "url": "https://themeforest.net/item/premium-responsive-parallax-fashion-bags-store-prestashop-themes/8322138?s_rank=622",
    "versions": {}
  },
  {
    "comments": 240,
    "created_at": "2014-01-19 00:00:00",
    "deleted_at": null,
    "name": "kronan-responsive-prestashop-theme",
    "sales": 314,
    "source": "themeforest",
    "title": "Kronan - Responsive PrestaShop Theme",
    "updated_at": "2015-03-04 00:00:00",
    "url": "https://themeforest.net/item/kronan-responsive-prestashop-theme/6618981?s_rank=25",
    "versions": {}
  },
  {
    "comments": 58,
    "created_at": "2014-02-13 00:00:00",
    "deleted_at": null,
    "name": "leo-digital-prestashop-theme",
    "sales": 314,
    "source": "themeforest",
    "title": "Leo Digital Prestashop Theme",
    "updated_at": "2017-08-25 00:00:00",
    "url": "https://themeforest.net/item/leo-digital-prestashop-theme/6677692?s_rank=30",
    "versions": {}
  },
  {
    "comments": 71,
    "created_at": "2016-02-02 00:00:00",
    "deleted_at": null,
    "name": "logancee-multipurpose-responsive-prestashop-theme",
    "sales": 315,
    "source": "themeforest",
    "title": "Logancee - Multipurpose Responsive Prestashop Theme",
    "updated_at": "2017-08-24 00:00:00",
    "url": "https://themeforest.net/item/logancee-multipurpose-responsive-prestashop-theme/14573932?s_rank=49",
    "versions": {}
  },
  {
    "comments": 81,
    "created_at": "2014-02-20 00:00:00",
    "deleted_at": null,
    "name": "kids-store-prestashop-themes-centrikids",
    "sales": 322,
    "source": "themeforest",
    "title": "Kids Store PrestaShop Themes - CentriKids",
    "updated_at": "2016-09-01 00:00:00",
    "url": "https://themeforest.net/item/kids-store-prestashop-themes-centrikids/6909610?s_rank=139",
    "versions": {}
  },
  {
    "comments": 128,
    "created_at": "2014-09-20 00:00:00",
    "deleted_at": null,
    "name": "cooncook-prestashop-online-store-blog",
    "sales": 323,
    "source": "themeforest",
    "title": "CoonCook - Prestashop Online Store + Blog",
    "updated_at": "2016-09-14 00:00:00",
    "url": "https://themeforest.net/item/cooncook-prestashop-online-store-blog/8933694?s_rank=121",
    "versions": {}
  },
  {
    "comments": 94,
    "created_at": "2013-04-26 00:00:00",
    "deleted_at": null,
    "name": "leo-metro-prestashop-theme",
    "sales": 328,
    "source": "themeforest",
    "title": "Leo Metro Prestashop Theme",
    "updated_at": "2017-06-16 00:00:00",
    "url": "https://themeforest.net/item/leo-metro-prestashop-theme/4588960?s_rank=21",
    "versions": {}
  },
  {
    "comments": 81,
    "created_at": "2014-01-03 00:00:00",
    "deleted_at": null,
    "name": "mega-store-prestashop-responsive-template",
    "sales": 330,
    "source": "themeforest",
    "title": "Mega Store  - Prestashop Responsive Template",
    "updated_at": "2015-12-04 00:00:00",
    "url": "https://themeforest.net/item/mega-store-prestashop-responsive-template/6511851?s_rank=129",
    "versions": {}
  },
  {
    "comments": 95,
    "created_at": "2014-09-13 00:00:00",
    "deleted_at": null,
    "name": "sahara-ultimate-responsive-prestashop-theme",
    "sales": 336,
    "source": "themeforest",
    "title": "SAHARA - Ultimate Responsive Prestashop Theme",
    "updated_at": "2015-03-11 00:00:00",
    "url": "https://themeforest.net/item/sahara-ultimate-responsive-prestashop-theme/8868575?s_rank=75",
    "versions": {
      "1.0.0": {
        "date": "2014-12-09 00:00:00"
      },
      "1.0.1": {
        "date": "2014-09-18 00:00:00"
      },
      "1.0.2": {
        "date": "2014-09-25 00:00:00"
      },
      "1.2": {
        "date": "2014-10-10 00:00:00"
      },
      "1.3": {
        "date": "2014-10-29 00:00:00"
      },
      "1.4": {
        "date": "2015-11-03 00:00:00"
      }
    }
  },
  {
    "comments": 151,
    "created_at": "2014-08-12 00:00:00",
    "deleted_at": null,
    "name": "pts-nextstore-combo-prestashop-themes",
    "sales": 360,
    "source": "themeforest",
    "title": "Pts NextStore - Combo Prestashop Themes",
    "updated_at": "2017-07-07 00:00:00",
    "url": "https://themeforest.net/item/pts-nextstore-combo-prestashop-themes/8551963?s_rank=98",
    "versions": {}
  },
  {
    "comments": 86,
    "created_at": "2013-12-10 00:00:00",
    "deleted_at": null,
    "name": "fresh-market-prestashop-responsive-theme",
    "sales": 360,
    "source": "themeforest",
    "title": "Fresh Market - Prestashop Responsive Theme",
    "updated_at": "2015-12-08 00:00:00",
    "url": "https://themeforest.net/item/fresh-market-prestashop-responsive-theme/6335375?s_rank=111",
    "versions": {}
  },
  {
    "comments": 150,
    "created_at": "2013-02-16 00:00:00",
    "deleted_at": null,
    "name": "madamefs-responsive-prestashop-16-theme",
    "sales": 363,
    "source": "themeforest",
    "title": "MADAME-FS! Responsive Prestashop 1.6 Theme",
    "updated_at": "2014-07-24 00:00:00",
    "url": "https://themeforest.net/item/madamefs-responsive-prestashop-16-theme/4053328?s_rank=345",
    "versions": {}
  },
  {
    "comments": 135,
    "created_at": "2013-01-04 00:00:00",
    "deleted_at": null,
    "name": "trendy-responsive-prestashop-16-theme",
    "sales": 369,
    "source": "themeforest",
    "title": "TRENDY! Responsive Prestashop 1.6 Theme",
    "updated_at": "2014-07-13 00:00:00",
    "url": "https://themeforest.net/item/trendy-responsive-prestashop-16-theme/3726367?s_rank=137",
    "versions": {}
  },
  {
    "comments": 41,
    "created_at": "2014-10-27 00:00:00",
    "deleted_at": null,
    "name": "london-stars-responsive-prestashop-theme",
    "sales": 379,
    "source": "themeforest",
    "title": "London Stars - Responsive Prestashop Theme",
    "updated_at": "2017-03-15 00:00:00",
    "url": "https://themeforest.net/item/london-stars-responsive-prestashop-theme/7298405?s_rank=66",
    "versions": {}
  },
  {
    "comments": 140,
    "created_at": "2013-06-07 00:00:00",
    "deleted_at": null,
    "name": "responsive-prestashop-theme-eggthemes-bestchoice",
    "sales": 381,
    "source": "themeforest",
    "title": "Responsive PrestaShop Theme - EggThemes BestChoice",
    "updated_at": "2015-01-20 00:00:00",
    "url": "https://themeforest.net/item/responsive-prestashop-theme-eggthemes-bestchoice/4837416?s_rank=122",
    "versions": {}
  },
  {
    "comments": 97,
    "created_at": "2015-07-14 00:00:00",
    "deleted_at": null,
    "name": "legenda-responsive-multipurpose-prestashop-theme-16-theme-blog",
    "sales": 392,
    "source": "themeforest",
    "title": "Legenda -Responsive Multi-Purpose Prestashop Theme 1.6 Theme + Blog",
    "updated_at": "2016-12-07 00:00:00",
    "url": "https://themeforest.net/item/legenda-responsive-multipurpose-prestashop-theme-16-theme-blog/12021802?s_rank=520",
    "versions": {}
  },
  {
    "comments": 138,
    "created_at": "2014-06-17 00:00:00",
    "deleted_at": null,
    "name": "simplegreat-responsive-prestashop-16-theme",
    "sales": 398,
    "source": "themeforest",
    "title": "SimpleGreat - Responsive Prestashop 1.6 Theme",
    "updated_at": "2015-03-03 00:00:00",
    "url": "https://themeforest.net/item/simplegreat-responsive-prestashop-16-theme/7989355?s_rank=92",
    "versions": {}
  },
  {
    "comments": 186,
    "created_at": "2013-04-11 00:00:00",
    "deleted_at": null,
    "name": "mj-cart-responsive-virtuemart-template",
    "sales": 414,
    "source": "themeforest",
    "title": "Mj Cart - Responsive Virtuemart Template",
    "updated_at": "2017-09-07 00:00:00",
    "url": "https://themeforest.net/item/mj-cart-responsive-virtuemart-template/4449300?s_rank=774",
    "versions": {}
  },
  {
    "comments": 133,
    "created_at": "2013-11-15 00:00:00",
    "deleted_at": null,
    "name": "leo-mobile-prestashop-theme",
    "sales": 415,
    "source": "themeforest",
    "title": "Leo Mobile Prestashop Theme",
    "updated_at": "2017-08-25 00:00:00",
    "url": "https://themeforest.net/item/leo-mobile-prestashop-theme/6150391?s_rank=19",
    "versions": {}
  },
  {
    "comments": 127,
    "created_at": "2013-07-02 00:00:00",
    "deleted_at": null,
    "name": "responsive-prestashop-template-et-boutique",
    "sales": 418,
    "source": "themeforest",
    "title": "Responsive PrestaShop Template - ET Boutique",
    "updated_at": "2015-01-17 00:00:00",
    "url": "https://themeforest.net/item/responsive-prestashop-template-et-boutique/5089076?s_rank=117",
    "versions": {}
  },
  {
    "comments": 89,
    "created_at": "2013-05-23 00:00:00",
    "deleted_at": null,
    "name": "leo-tea-prestashop-theme",
    "sales": 420,
    "source": "themeforest",
    "title": "Leo Tea Prestashop Theme",
    "updated_at": "2017-08-25 00:00:00",
    "url": "https://themeforest.net/item/leo-tea-prestashop-theme/4785346?s_rank=16",
    "versions": {}
  },
  {
    "comments": 154,
    "created_at": "2013-09-18 00:00:00",
    "deleted_at": null,
    "name": "electronics-store-prestashop-theme-computers-laptops-cameras-cell-phones-presta-electronues",
    "sales": 427,
    "source": "themeforest",
    "title": "Electronics Store PrestaShop Theme - Computers, Laptops, Cameras, Cell phones | Presta Electronues",
    "updated_at": "2016-03-29 00:00:00",
    "url": "https://themeforest.net/item/electronics-store-prestashop-theme-computers-laptops-cameras-cell-phones-presta-electronues/5633825?s_rank=709",
    "versions": {}
  },
  {
    "comments": 140,
    "created_at": "2014-08-05 00:00:00",
    "deleted_at": null,
    "name": "fashion-store-mega-mall-shopping-center-premium-responsive-prestashop-themes-titanshop",
    "sales": 438,
    "source": "themeforest",
    "title": "Fashion Store Mega Mall Shopping Center Premium Responsive PrestaShop Themes | TitanShop",
    "updated_at": "2016-04-01 00:00:00",
    "url": "https://themeforest.net/item/fashion-store-mega-mall-shopping-center-premium-responsive-prestashop-themes-titanshop/8469263?s_rank=707",
    "versions": {}
  },
  {
    "comments": 218,
    "created_at": "2014-03-07 00:00:00",
    "deleted_at": null,
    "name": "control-prestashop-theme-responsive-included-blog",
    "sales": 451,
    "source": "themeforest",
    "title": "Control - PrestaShop Theme Responsive + Included Blog",
    "updated_at": "2016-05-31 00:00:00",
    "url": "https://themeforest.net/item/control-prestashop-theme-responsive-included-blog/7048341?s_rank=283",
    "versions": {}
  },
  {
    "comments": 41,
    "created_at": "2013-01-01 00:00:00",
    "deleted_at": null,
    "name": "breeze-html5-css3-store-template",
    "sales": 472,
    "source": "themeforest",
    "title": "Breeze — HTML5 & CSS3 store template",
    "updated_at": "2013-06-10 00:00:00",
    "url": "https://themeforest.net/item/breeze-html5-css3-store-template/3722352?s_rank=724",
    "versions": {}
  },
  {
    "comments": 58,
    "created_at": "2013-01-12 00:00:00",
    "deleted_at": null,
    "name": "uniqueshop-prestashop-theme",
    "sales": 477,
    "source": "themeforest",
    "title": "UniqueShop - Prestashop Theme",
    "updated_at": "2017-08-20 00:00:00",
    "url": "https://themeforest.net/item/uniqueshop-prestashop-theme/3718716?s_rank=23",
    "versions": {
      "1.0.0": {
        "date": "2013-01-19 00:00:00"
      },
      "1.1.0": {
        "date": "2013-02-21 00:00:00"
      },
      "1.2.0": {
        "date": "2013-03-08 00:00:00"
      },
      "1.3.0": {
        "date": "2013-08-05 00:00:00"
      },
      "1.4.0": {
        "date": "2013-12-14 00:00:00"
      },
      "1.5.0": {
        "date": "2014-04-28 00:00:00"
      },
      "1.5.1": {
        "date": "2014-07-10 00:00:00"
      },
      "1.5.2": {
        "date": "2014-09-01 00:00:00"
      },
      "1.6.0": {
        "date": "2014-09-21 00:00:00"
      },
      "1.6.1": {
        "date": "2014-11-08 00:00:00"
      },
      "1.6.2": {
        "date": "2015-03-09 00:00:00"
      },
      "1.6.3": {
        "date": "2015-07-15 00:00:00"
      },
      "1.6.4": {
        "date": "2016-01-04 00:00:00"
      },
      "1.6.5": {
        "date": "2016-08-08 00:00:00"
      },
      "1.6.6": {
        "date": "2017-02-13 00:00:00"
      },
      "1.6.7": {
        "date": "2017-07-11 00:00:00"
      },
      "1.6.8": {
        "date": "2017-08-20 00:00:00"
      },
      "2.0.0": {
        "date": "2017-02-13 00:00:00"
      },
      "2.0.1": {
        "date": "2017-07-11 00:00:00"
      },
      "2.0.2": {
        "date": "2017-08-20 00:00:00"
      }
    }
  },
  {
    "comments": 186,
    "created_at": "2013-08-02 00:00:00",
    "deleted_at": null,
    "name": "responsive-supermarket-prestashop-theme-gomarket",
    "sales": 478,
    "source": "themeforest",
    "title": "Responsive Supermarket PrestaShop Theme - GoMarket",
    "updated_at": "2015-01-24 00:00:00",
    "url": "https://themeforest.net/item/responsive-supermarket-prestashop-theme-gomarket/5299356?s_rank=110",
    "versions": {}
  },
  {
    "comments": 136,
    "created_at": "2014-08-14 00:00:00",
    "deleted_at": null,
    "name": "pts-gentshop-great-fashion-prestashop-theme",
    "sales": 492,
    "source": "themeforest",
    "title": "Pts GentShop Great Fashion Prestashop  1.6 & 1.7 Theme",
    "updated_at": "2017-07-08 00:00:00",
    "url": "https://themeforest.net/item/pts-gentshop-great-fashion-prestashop-theme/8575313?s_rank=495",
    "versions": {}
  },
  {
    "comments": 219,
    "created_at": "2014-07-03 00:00:00",
    "deleted_at": null,
    "name": "sagitta-mega-store-responsive-prestashoptheme",
    "sales": 505,
    "source": "themeforest",
    "title": "Sagitta - Mega Store Responsive PrestashopTheme",
    "updated_at": "2016-04-13 00:00:00",
    "url": "https://themeforest.net/item/sagitta-mega-store-responsive-prestashoptheme/8089803?s_rank=760",
    "versions": {
      "1.0": {
        "date": "2014-06-25 00:00:00"
      },
      "1.1": {
        "date": "2014-07-24 00:00:00"
      },
      "1.3": {
        "date": "2015-11-23 00:00:00"
      },
      "1.6.1.4": {
        "date": "2016-04-13 00:00:00"
      }
    }
  },
  {
    "comments": 113,
    "created_at": "2015-12-23 00:00:00",
    "deleted_at": null,
    "name": "jakiro-fashion-shop-prestashop-theme",
    "sales": 512,
    "source": "themeforest",
    "title": "Jakiro Fashion Shop Prestashop 1.6 and 1.7 Theme",
    "updated_at": "2017-05-03 00:00:00",
    "url": "https://themeforest.net/item/jakiro-fashion-shop-prestashop-theme/14100073?s_rank=176",
    "versions": {}
  },
  {
    "comments": 264,
    "created_at": "2013-07-30 00:00:00",
    "deleted_at": null,
    "name": "sellya-responsive-prestashop-theme",
    "sales": 514,
    "source": "themeforest",
    "title": "Sellya - Responsive Prestashop Theme",
    "updated_at": "2015-01-22 00:00:00",
    "url": "https://themeforest.net/item/sellya-responsive-prestashop-theme/5264666?s_rank=14",
    "versions": {}
  },
  {
    "comments": 275,
    "created_at": "2014-11-06 00:00:00",
    "deleted_at": null,
    "name": "pts-megashop-market-prestashop-theme",
    "sales": 518,
    "source": "themeforest",
    "title": "Pts Megashop - Market Prestashop 1.6 & 1.7 Theme",
    "updated_at": "2017-07-08 00:00:00",
    "url": "https://themeforest.net/item/pts-megashop-market-prestashop-theme/9365419?s_rank=256",
    "versions": {}
  },
  {
    "comments": 215,
    "created_at": "2012-12-06 00:00:00",
    "deleted_at": null,
    "name": "magari-responsive-prestashop-theme-16x",
    "sales": 523,
    "source": "themeforest",
    "title": "Magari - Responsive Prestashop Theme 1.6.x",
    "updated_at": "2015-03-05 00:00:00",
    "url": "https://themeforest.net/item/magari-responsive-prestashop-theme-16x/3542429?s_rank=240",
    "versions": {}
  },
  {
    "comments": 194,
    "created_at": "2013-02-22 00:00:00",
    "deleted_at": null,
    "name": "osmart-responsive-oscommerce-template",
    "sales": 546,
    "source": "themeforest",
    "title": "OSMART – Responsive osCommerce template",
    "updated_at": "2016-05-19 00:00:00",
    "url": "https://themeforest.net/item/osmart-responsive-oscommerce-template/4103220?s_rank=790",
    "versions": {}
  },
  {
    "comments": 136,
    "created_at": "2015-06-18 00:00:00",
    "deleted_at": null,
    "name": "newyork-responsive-prestashop-theme",
    "sales": 576,
    "source": "themeforest",
    "title": "NewYork - MultiPurpose Responsive Prestashop Theme",
    "updated_at": "2017-09-08 00:00:00",
    "url": "https://themeforest.net/item/newyork-responsive-prestashop-theme/11785941?s_rank=42",
    "versions": {}
  },
  {
    "comments": 165,
    "created_at": "2015-01-28 00:00:00",
    "deleted_at": null,
    "name": "supershop-multipurpose-responsive-prestashop-theme",
    "sales": 601,
    "source": "themeforest",
    "title": "SuperShop – Multi-Purpose Responsive Prestashop Theme",
    "updated_at": "2017-03-14 00:00:00",
    "url": "https://themeforest.net/item/supershop-multipurpose-responsive-prestashop-theme/10186257?s_rank=212",
    "versions": {}
  },
  {
    "comments": 166,
    "created_at": "2014-01-30 00:00:00",
    "deleted_at": null,
    "name": "leo-fashion-prestashop-theme",
    "sales": 705,
    "source": "themeforest",
    "title": "Leo Fashion Prestashop Theme",
    "updated_at": "2017-08-22 00:00:00",
    "url": "https://themeforest.net/item/leo-fashion-prestashop-theme/6682604?s_rank=12",
    "versions": {}
  },
  {
    "comments": 265,
    "created_at": "2014-09-18 00:00:00",
    "deleted_at": null,
    "name": "modez-responsive-prestashop-16-theme-blog",
    "sales": 755,
    "source": "themeforest",
    "title": "MODEZ - Responsive Prestashop 1.6 Theme + Blog",
    "updated_at": "2017-07-07 00:00:00",
    "url": "https://themeforest.net/item/modez-responsive-prestashop-16-theme-blog/8318914?s_rank=154",
    "versions": {}
  },
  {
    "comments": 384,
    "created_at": "2013-01-08 00:00:00",
    "deleted_at": null,
    "name": "mozen-responsive-zencart-template",
    "sales": 781,
    "source": "themeforest",
    "title": "Mozen – Responsive Zencart Template",
    "updated_at": "2017-09-14 00:00:00",
    "url": "https://themeforest.net/item/mozen-responsive-zencart-template/3750041?s_rank=784",
    "versions": {}
  },
  {
    "comments": 196,
    "created_at": "2014-09-02 00:00:00",
    "deleted_at": null,
    "name": "venedor-responsive-prestashop-theme",
    "sales": 833,
    "source": "themeforest",
    "title": "Venedor - Responsive Prestashop Theme",
    "updated_at": "2017-03-18 00:00:00",
    "url": "https://themeforest.net/item/venedor-responsive-prestashop-theme/8743123?s_rank=8",
    "versions": {}
  },
  {
    "comments": 185,
    "created_at": "2012-09-22 00:00:00",
    "deleted_at": null,
    "name": "arundo-premium-prestashop-theme",
    "sales": 851,
    "source": "themeforest",
    "title": "Arundo - Premium Prestashop Theme",
    "updated_at": "2014-12-19 00:00:00",
    "url": "https://themeforest.net/item/arundo-premium-prestashop-theme/3059398?s_rank=13",
    "versions": {}
  },
  {
    "comments": 398,
    "created_at": "2014-03-15 00:00:00",
    "deleted_at": null,
    "name": "optima-multipurpose-responsive-prestashop-theme",
    "sales": 1004,
    "source": "themeforest",
    "title": "Optima - Multipurpose  Responsive Prestashop Theme",
    "updated_at": "2016-04-13 00:00:00",
    "url": "https://themeforest.net/item/optima-multipurpose-responsive-prestashop-theme/7106458?s_rank=36",
    "versions": {
      "1.0": {
        "date": "2014-10-03 00:00:00"
      },
      "1.1": {
        "date": "2014-03-26 00:00:00"
      },
      "1.2": {
        "date": "2014-05-15 00:00:00"
      },
      "1.2.1": {
        "date": "2014-05-22 00:00:00"
      },
      "1.3": {
        "date": "2014-04-06 00:00:00"
      },
      "1.4": {
        "date": "2015-01-26 00:00:00"
      },
      "1.5": {
        "date": "2015-03-27 00:00:00"
      },
      "1.6": {
        "date": "2015-02-07 00:00:00"
      },
      "1.7": {
        "date": "2015-11-20 00:00:00"
      }
    }
  },
  {
    "comments": 452,
    "created_at": "2014-11-12 00:00:00",
    "deleted_at": null,
    "name": "vela-responsive-prestashop-theme",
    "sales": 1294,
    "source": "themeforest",
    "title": "Vela - Premium MultiPurpose Responsive Prestashop 1.7 & 1.6 Theme",
    "updated_at": "2017-09-08 00:00:00",
    "url": "https://themeforest.net/item/vela-responsive-prestashop-theme/9335811?s_rank=399",
    "versions": {}
  },
  {
    "comments": 257,
    "created_at": "2013-03-21 00:00:00",
    "deleted_at": null,
    "name": "megashop-prestashop-theme",
    "sales": 1555,
    "source": "themeforest",
    "title": "MegaShop - Prestashop Theme",
    "updated_at": "2017-07-29 00:00:00",
    "url": "https://themeforest.net/item/megashop-prestashop-theme/4331276?s_rank=7",
    "versions": {
      "1.0.0": {
        "date": "2013-03-21 00:00:00"
      },
      "1.1.0": {
        "date": "2013-04-01 00:00:00"
      },
      "1.2.0": {
        "date": "2013-05-06 00:00:00"
      },
      "1.3.0": {
        "date": "2013-06-15 00:00:00"
      },
      "1.4.0": {
        "date": "2013-08-12 00:00:00"
      },
      "1.5.0": {
        "date": "2013-09-22 00:00:00"
      },
      "1.6.0": {
        "date": "2014-01-04 00:00:00"
      },
      "1.7.0": {
        "date": "2014-04-07 00:00:00"
      },
      "1.7.1": {
        "date": "2014-05-12 00:00:00"
      },
      "1.7.2": {
        "date": "2014-06-26 00:00:00"
      },
      "1.7.3": {
        "date": "2014-08-27 00:00:00"
      },
      "1.8.0": {
        "date": "2014-09-16 00:00:00"
      },
      "1.8.1": {
        "date": "2014-11-26 00:00:00"
      },
      "1.8.2": {
        "date": "2015-02-11 00:00:00"
      },
      "1.9.0": {
        "date": "2015-06-08 00:00:00"
      },
      "1.9.1": {
        "date": "2015-09-01 00:00:00"
      },
      "1.9.2": {
        "date": "2016-01-04 00:00:00"
      },
      "1.9.3": {
        "date": "2016-08-03 00:00:00"
      },
      "1.9.4": {
        "date": "2016-11-10 00:00:00"
      },
      "1.9.5": {
        "date": "2017-01-02 00:00:00"
      },
      "1.9.6": {
        "date": "2017-04-13 00:00:00"
      },
      "1.9.7": {
        "date": "2017-07-29 00:00:00"
      },
      "2.0.0": {
        "date": "2017-01-02 00:00:00"
      },
      "2.0.1": {
        "date": "2017-04-13 00:00:00"
      },
      "2.0.2": {
        "date": "2017-07-29 00:00:00"
      }
    }
  },
  {
    "comments": 716,
    "created_at": "2013-01-22 00:00:00",
    "deleted_at": null,
    "name": "autumn-responsive-prestashop-16-theme-with-blog",
    "sales": 1733,
    "source": "themeforest",
    "title": "Autumn - Responsive Prestashop 1.6 Theme with Blog",
    "updated_at": "2014-08-04 00:00:00",
    "url": "https://themeforest.net/item/autumn-responsive-prestashop-16-theme-with-blog/3848244?s_rank=160",
    "versions": {}
  },
  {
    "comments": 1395,
    "created_at": "2014-12-11 00:00:00",
    "deleted_at": null,
    "name": "panda-responsive-prestashop-theme",
    "sales": 2343,
    "source": "themeforest",
    "title": "Panda - Responsive Prestashop Theme",
    "updated_at": "2017-08-21 00:00:00",
    "url": "https://themeforest.net/item/panda-responsive-prestashop-theme/9750650?s_rank=2",
    "versions": {
      "1.0.0": {
        "date": "2014-12-11 00:00:00"
      },
      "1.0.1": {
        "date": "2014-12-15 00:00:00"
      },
      "1.0.2": {
        "date": "2015-01-20 00:00:00"
      },
      "1.1.0": {
        "date": "2015-02-15 00:00:00"
      },
      "1.1.1": {
        "date": "2015-03-04 00:00:00"
      },
      "1.1.2": {
        "date": "2015-03-06 00:00:00"
      },
      "1.2.0": {
        "date": "2015-07-11 00:00:00"
      },
      "1.2.1": {
        "date": "2015-08-26 00:00:00"
      },
      "1.2.2": {
        "date": "2015-09-03 00:00:00"
      },
      "1.2.5": {
        "date": "2015-11-10 00:00:00"
      },
      "1.2.6": {
        "date": "2016-02-28 00:00:00"
      },
      "1.2.8": {
        "date": "2016-03-28 00:00:00"
      },
      "1.3.0": {
        "date": "2016-05-28 00:00:00"
      },
      "1.3.1": {
        "date": "2016-08-18 00:00:00"
      },
      "1.3.2": {
        "date": "2017-07-22 00:00:00"
      },
      "1.3.3": {
        "date": "2017-07-31 00:00:00"
      },
      "2.0.0": {
        "date": "2017-05-14 00:00:00"
      },
      "2.0.1": {
        "date": "2017-05-18 00:00:00"
      },
      "2.0.2": {
        "date": "2017-05-23 00:00:00"
      },
      "2.0.3": {
        "date": "2017-05-25 00:00:00"
      },
      "2.0.4": {
        "date": "2017-05-26 00:00:00"
      },
      "2.1.0": {
        "date": "2017-06-30 00:00:00"
      },
      "2.1.1": {
        "date": "2017-07-13 00:00:00"
      },
      "2.1.2": {
        "date": "2017-07-14 00:00:00"
      },
      "2.1.3": {
        "date": "2017-07-22 00:00:00"
      },
      "2.1.4": {
        "date": "2017-08-04 00:00:00"
      },
      "2.1.5": {
        "date": "2017-08-21 00:00:00"
      }
    }
  },
  {
    "comments": 1000,
    "created_at": "2012-07-10 00:00:00",
    "deleted_at": null,
    "name": "alysum-premium-responsive-prestashop-16-theme",
    "sales": 3833,
    "source": "themeforest",
    "title": "Alysum - Premium Prestashop 1.7 & 1.6 Theme",
    "updated_at": "2017-09-09 00:00:00",
    "url": "https://themeforest.net/item/alysum-premium-responsive-prestashop-16-theme/2622574?s_rank=53",
    "versions": {}
  },
  {
    "comments": 2907,
    "created_at": "2013-07-09 00:00:00",
    "deleted_at": null,
    "name": "transformer-responsive-prestashop-theme",
    "sales": 4391,
    "source": "themeforest",
    "title": "Transformer Responsive Prestashop Theme",
    "updated_at": "2017-08-21 00:00:00",
    "url": "https://themeforest.net/item/transformer-responsive-prestashop-theme/5095795?s_rank=1",
    "versions": {
      "3.0": {
        "date": "2014-04-21 00:00:00"
      },
      "3.0.1": {
        "date": "2014-05-11 00:00:00"
      },
      "3.0.5": {
        "date": "2014-06-27 00:00:00"
      },
      "3.0.8": {
        "date": "2014-07-11 00:00:00"
      },
      "3.0.9": {
        "date": "2014-08-05 00:00:00"
      },
      "3.1.0": {
        "date": "2015-01-07 00:00:00"
      },
      "3.1.1": {
        "date": "2015-01-20 00:00:00"
      },
      "3.2.0": {
        "date": "2015-04-24 00:00:00"
      },
      "3.2.1": {
        "date": "2015-07-11 00:00:00"
      },
      "3.2.2": {
        "date": "2015-08-18 00:00:00"
      },
      "3.2.3": {
        "date": "2015-08-26 00:00:00"
      },
      "3.2.5": {
        "date": "2015-11-10 00:00:00"
      },
      "3.2.6": {
        "date": "2016-02-28 00:00:00"
      },
      "3.2.7": {
        "date": "2016-02-29 00:00:00"
      },
      "3.2.8": {
        "date": "2016-05-31 00:00:00"
      },
      "3.2.9": {
        "date": "2016-08-18 00:00:00"
      },
      "3.3.0": {
        "date": "2017-07-22 00:00:00"
      },
      "3.3.1": {
        "date": "2017-07-31 00:00:00"
      },
      "4.0.0": {
        "date": "2017-06-30 00:00:00"
      },
      "4.0.1": {
        "date": "2017-07-13 00:00:00"
      },
      "4.0.2": {
        "date": "2017-07-14 00:00:00"
      },
      "4.0.3": {
        "date": "2017-07-22 00:00:00"
      },
      "4.0.4": {
        "date": "2017-08-04 00:00:00"
      },
      "4.0.5": {
        "date": "2017-08-21 00:00:00"
      }
    }
  },
  {
    "comments": 4404,
    "created_at": "2012-10-10 00:00:00",
    "deleted_at": null,
    "name": "warehouse-responsive-prestashop-16-theme-blog",
    "sales": 7387,
    "source": "themeforest",
    "title": "Warehouse - Responsive Prestashop 1.6 & 1.7 theme",
    "updated_at": "2017-08-30 00:00:00",
    "url": "https://themeforest.net/item/warehouse-responsive-prestashop-16-theme-blog/3178575?s_rank=20",
    "versions": {}
  }
]